timestamp,event_type,order_id,side,quantity,price,trader_id,target_order_id,symbol
0.001,limit,L00000001,buy,227.0,99.98,MM01,,SYNTH
0.002,limit,L00000002,sell,193.0,100.02,MM01,,SYNTH
0.003,limit,L00000003,buy,235.0,99.97,MM02,,SYNTH
0.004,limit,L00000004,sell,219.0,100.03,MM02,,SYNTH
0.005,limit,L00000005,buy,159.0,99.96,MM03,,SYNTH
0.006,limit,L00000006,sell,247.0,100.04,MM03,,SYNTH
0.007,limit,L00000007,buy,226.0,99.95,MM04,,SYNTH
0.008,limit,L00000008,sell,228.0,100.05,MM04,,SYNTH
0.009000000000000001,limit,L00000009,buy,162.0,99.94,MM05,,SYNTH
0.010000000000000002,limit,L00000010,sell,195.0,100.06,MM05,,SYNTH
0.011000000000000003,limit,L00000011,buy,187.0,99.93,MM06,,SYNTH
0.012000000000000004,limit,L00000012,sell,242.0,100.07,MM06,,SYNTH
0.013000000000000005,limit,L00000013,buy,214.0,99.92,MM07,,SYNTH
0.014000000000000005,limit,L00000014,sell,232.0,100.08,MM07,,SYNTH
0.015000000000000006,limit,L00000015,buy,194.0,99.91,MM08,,SYNTH
0.016000000000000007,limit,L00000016,sell,172.0,100.09,MM08,,SYNTH
0.017000000000000008,limit,L00000017,buy,205.0,99.9,MM09,,SYNTH
0.01800000000000001,limit,L00000018,sell,156.0,100.1,MM09,,SYNTH
0.01900000000000001,limit,L00000019,buy,232.0,99.89,MM10,,SYNTH
0.02000000000000001,limit,L00000020,sell,213.0,100.11,MM10,,SYNTH
0.02100000000000001,limit,L00000021,buy,225.0,99.88,MM11,,SYNTH
0.022000000000000013,limit,L00000022,sell,185.0,100.12,MM11,,SYNTH
0.023000000000000013,limit,L00000023,buy,247.0,99.87,MM12,,SYNTH
0.024000000000000014,limit,L00000024,sell,239.0,100.13,MM12,,SYNTH
0.025000000000000015,limit,L00000025,buy,227.0,99.86,MM13,,SYNTH
0.026000000000000016,limit,L00000026,sell,169.0,100.14,MM13,,SYNTH
0.027000000000000017,limit,L00000027,buy,196.0,99.85,MM14,,SYNTH
0.028000000000000018,limit,L00000028,sell,154.0,100.15,MM14,,SYNTH
0.02900000000000002,limit,L00000029,buy,165.0,99.84,MM15,,SYNTH
0.03000000000000002,limit,L00000030,sell,218.0,100.16,MM15,,SYNTH
0.049434011807991084,limit,L00000031,buy,40.0,99.95,T12,,SYNTH
0.11611913305958527,market,M00000032,sell,70.0,,TAKER03,,SYNTH
0.12440592842466518,market,M00000033,sell,46.0,,TAKER06,,SYNTH
0.14247303957141083,market,M00000034,sell,72.0,,TAKER07,,SYNTH
0.19464761367024103,market,M00000035,buy,18.0,,TAKER05,,SYNTH
0.24088872542637974,market,M00000036,sell,47.0,,TAKER04,,SYNTH
0.2467728413301341,limit,L00000037,buy,94.0,100.03,T12,,SYNTH
0.26323495113016937,limit,L00000038,buy,27.0,99.98,T12,,SYNTH
0.36555656738682624,limit,L00000039,buy,28.0,99.98,T04,,SYNTH
0.37495151713735037,market,M00000040,sell,37.0,,TAKER06,,SYNTH
0.38349901366028166,limit,L00000041,buy,119.0,99.99,T12,,SYNTH
0.3857910845115872,limit,L00000042,sell,55.0,100.05,T15,,SYNTH
0.4194708934173693,cancel,C00000043,,,,T14,L00000006,SYNTH
0.4584257527979997,limit,L00000044,buy,75.0,99.99,T20,,SYNTH
0.6286302176326733,market,M00000045,sell,136.0,,TAKER11,,SYNTH
0.64302865961997,limit,L00000046,sell,127.0,100.03,T15,,SYNTH
0.6708578115081378,modify,R00000047,,185.0,99.98,T22,L00000021,SYNTH
0.7302253921597373,limit,L00000048,sell,181.0,100.08,T03,,SYNTH
0.8522487215153419,limit,L00000049,buy,24.0,100.0,T15,,SYNTH
0.8744540203054164,limit,L00000050,buy,105.0,100.0,T04,,SYNTH
0.9086661498159361,market,M00000051,sell,14.0,,TAKER05,,SYNTH
0.9213048010912018,cancel,C00000052,,,,T13,L00000005,SYNTH
0.9912421830783273,limit,L00000053,buy,299.0,99.97,T11,,SYNTH
1.0629066449809272,limit,L00000054,buy,38.0,99.99,T20,,SYNTH
1.160865509555132,limit,L00000055,buy,61.0,99.98,T11,,SYNTH
1.29435985779825,limit,L00000056,sell,49.0,100.12,T02,,SYNTH
1.3179150427543758,limit,L00000057,buy,17.0,100.0,T04,,SYNTH
1.3238071413025114,limit,L00000058,sell,69.0,100.13,T08,,SYNTH
1.3511393593241312,limit,L00000059,buy,34.0,100.02,T10,,SYNTH
1.4296337672363832,limit,L00000060,sell,92.0,100.18,T21,,SYNTH
1.5890206137046237,limit,L00000061,buy,175.0,100.07,T13,,SYNTH
1.6068988322694238,limit,L00000062,sell,14.0,100.15,T06,,SYNTH
1.6666535995237153,cancel,C00000063,,,,T12,L00000055,SYNTH
1.6986591756372529,limit,L00000064,sell,36.0,100.17,T16,,SYNTH
1.7498097359049862,limit,L00000065,sell,111.0,100.15,T18,,SYNTH
1.758863498906882,market,M00000066,sell,21.0,,TAKER08,,SYNTH
1.7619157945903474,limit,L00000067,sell,83.0,100.19,T23,,SYNTH
1.8091931324555162,limit,L00000068,buy,87.0,100.08,T23,,SYNTH
1.9228338002332968,limit,L00000069,buy,59.0,100.08,T24,,SYNTH
2.078186374724473,cancel,C00000070,,,,T09,L00000010,SYNTH
2.1024905464232804,limit,L00000071,sell,273.0,100.26,T03,,SYNTH
2.16195123381761,limit,L00000072,sell,20.0,100.29,T12,,SYNTH
2.1790201157428624,limit,L00000073,sell,23.0,100.24,T21,,SYNTH
2.1800773248053567,limit,L00000074,sell,30.0,100.19,T22,,SYNTH
2.180524047423585,market,M00000075,buy,32.0,,TAKER01,,SYNTH
2.27993159702467,limit,L00000076,buy,38.0,100.16,T03,,SYNTH
2.387687196143843,limit,L00000077,buy,125.0,100.14,T18,,SYNTH
2.39241171355011,limit,L00000078,sell,26.0,100.17,T03,,SYNTH
2.4812215583225337,cancel,C00000079,,,,T08,L00000041,SYNTH
2.6512205923422445,limit,L00000080,buy,141.0,100.11,T10,,SYNTH
2.6524942141610874,limit,L00000081,sell,20.0,100.23,T10,,SYNTH
2.7008952705065123,limit,L00000082,buy,86.0,100.14,T14,,SYNTH
2.7062820064817927,limit,L00000083,buy,310.0,100.14,T20,,SYNTH
2.715707638529152,limit,L00000084,sell,31.0,100.26,T01,,SYNTH
2.7166894919147375,limit,L00000085,buy,127.0,100.18,T22,,SYNTH
2.827016807156663,limit,L00000086,sell,286.0,100.21,T11,,SYNTH
2.923305192934432,limit,L00000087,buy,86.0,100.18,T18,,SYNTH
2.9361772939728024,limit,L00000088,sell,168.0,100.21,T08,,SYNTH
2.9846876941561105,cancel,C00000089,,,,T23,L00000008,SYNTH
3.013202772547394,limit,L00000090,sell,11.0,100.21,T21,,SYNTH
3.084298841278668,limit,L00000091,buy,107.0,100.15,T08,,SYNTH
3.1603150607363335,market,M00000092,sell,15.0,,TAKER06,,SYNTH
3.1832747971153066,limit,L00000093,sell,112.0,100.22,T09,,SYNTH
3.3910357591468254,limit,L00000094,buy,76.0,100.17,T17,,SYNTH
3.424810823289717,cancel,C00000095,,,,T19,L00000061,SYNTH
3.597070536045588,market,M00000096,sell,78.0,,TAKER11,,SYNTH
3.633925035649124,modify,R00000097,,10.0,100.25,T12,L00000073,SYNTH
3.6656348669122107,market,M00000098,sell,92.0,,TAKER11,,SYNTH
3.669456263624937,market,M00000099,sell,112.0,,TAKER01,,SYNTH
3.676714381312012,market,M00000100,sell,93.0,,TAKER08,,SYNTH
3.7965578193609035,limit,L00000101,sell,8.0,100.27,T03,,SYNTH
3.86624608609781,market,M00000102,sell,263.0,,TAKER04,,SYNTH
3.912944055281139,cancel,C00000103,,,,T12,L00000020,SYNTH
3.930309392089412,limit,L00000104,buy,150.0,100.1,T16,,SYNTH
4.008042105308611,limit,L00000105,sell,94.0,100.23,T08,,SYNTH
4.069113992600586,limit,L00000106,buy,280.0,100.14,T04,,SYNTH
4.079905166271224,market,M00000107,sell,41.0,,TAKER02,,SYNTH
4.0858918590255,limit,L00000108,buy,4.0,100.13,T08,,SYNTH
4.16148554801725,limit,L00000109,buy,26.0,100.17,T19,,SYNTH
4.245701081452924,limit,L00000110,buy,109.0,100.16,T04,,SYNTH
4.2695651875955285,market,M00000111,sell,58.0,,TAKER01,,SYNTH
4.301149463522168,cancel,C00000112,,,,T02,L00000054,SYNTH
4.406198875818124,cancel,C00000113,,,,T01,L00000011,SYNTH
4.409839308873296,limit,L00000114,buy,9.0,100.16,T15,,SYNTH
4.420662523894311,limit,L00000115,sell,26.0,100.19,T23,,SYNTH
4.445100936769978,limit,L00000116,sell,112.0,100.23,T10,,SYNTH
4.445632592015523,market,M00000117,sell,174.0,,TAKER02,,SYNTH
4.5030940345113075,limit,L00000118,buy,96.0,100.14,T24,,SYNTH
4.600597198394526,limit,L00000119,sell,52.0,100.17,T07,,SYNTH
4.605849732404145,limit,L00000120,sell,103.0,100.22,T21,,SYNTH
4.785152086098873,market,M00000121,sell,15.0,,TAKER11,,SYNTH
4.786132286615143,cancel,C00000122,,,,T16,L00000062,SYNTH
4.818916773323888,market,M00000123,buy,82.0,,TAKER05,,SYNTH
4.981961961520526,market,M00000124,sell,198.0,,TAKER09,,SYNTH
5.009254964801617,limit,L00000125,sell,332.0,100.25,T20,,SYNTH
5.106463479699674,limit,L00000126,sell,195.0,100.28,T13,,SYNTH
5.1174919565634305,market,M00000127,buy,22.0,,TAKER06,,SYNTH
5.318040605830895,limit,L00000128,buy,96.0,100.22,T12,,SYNTH
5.33487745475091,limit,L00000129,buy,92.0,100.18,T08,,SYNTH
5.345417218975516,limit,L00000130,buy,70.0,100.11,T08,,SYNTH
5.382870354327288,limit,L00000131,buy,56.0,100.17,T21,,SYNTH
5.409693526265151,limit,L00000132,sell,359.0,100.23,T23,,SYNTH
5.41716777027666,limit,L00000133,buy,197.0,100.15,T06,,SYNTH
5.549399049420072,limit,L00000134,buy,109.0,100.18,T23,,SYNTH
5.585547954402707,limit,L00000135,buy,138.0,100.17,T04,,SYNTH
5.6840227030322845,limit,L00000136,buy,117.0,100.14,T03,,SYNTH
5.713231231532789,modify,R00000137,,139.0,100.1,T17,L00000018,SYNTH
5.719367294079829,market,M00000138,sell,204.0,,TAKER04,,SYNTH
5.774246313072624,limit,L00000139,buy,102.0,100.12,T19,,SYNTH
5.796272045584762,market,M00000140,sell,12.0,,TAKER07,,SYNTH
5.927138172898062,limit,L00000141,sell,127.0,100.28,T11,,SYNTH
6.011219392319948,limit,L00000142,sell,91.0,100.27,T18,,SYNTH
6.018873254272389,limit,L00000143,sell,157.0,100.29,T10,,SYNTH
6.058759834850828,limit,L00000144,buy,66.0,100.17,T05,,SYNTH
6.075705912846298,limit,L00000145,buy,126.0,100.2,T17,,SYNTH
6.107555242742283,limit,L00000146,buy,223.0,100.19,T08,,SYNTH
6.154641726664859,cancel,C00000147,,,,T21,L00000059,SYNTH
6.193507329891301,limit,L00000148,buy,63.0,100.17,T08,,SYNTH
6.240490621329238,limit,L00000149,sell,262.0,100.31,T16,,SYNTH
6.282449549835662,market,M00000150,sell,33.0,,TAKER04,,SYNTH
6.307277263264854,limit,L00000151,sell,20.0,100.3,T10,,SYNTH
6.329014806453869,limit,L00000152,sell,137.0,100.35,T04,,SYNTH
6.461626380646856,limit,L00000153,buy,100.0,100.17,T14,,SYNTH
6.49367222412822,market,M00000154,buy,135.0,,TAKER04,,SYNTH
6.517483297430911,market,M00000155,sell,28.0,,TAKER06,,SYNTH
6.566099356735749,limit,L00000156,sell,216.0,100.18,T22,,SYNTH
6.594592032501424,market,M00000157,buy,53.0,,TAKER09,,SYNTH
6.605474767376648,market,M00000158,sell,177.0,,TAKER10,,SYNTH
6.673810813421087,limit,L00000159,sell,11.0,100.13,T09,,SYNTH
6.7414042845202715,market,M00000160,buy,74.0,,TAKER10,,SYNTH
6.771045520663524,market,M00000161,sell,12.0,,TAKER02,,SYNTH
6.913231284616765,market,M00000162,sell,228.0,,TAKER06,,SYNTH
6.935611416101405,market,M00000163,sell,29.0,,TAKER01,,SYNTH
6.962973246309851,limit,L00000164,sell,26.0,100.08,T01,,SYNTH
7.027826642333096,cancel,C00000165,,,,T02,L00000076,SYNTH
7.03384195729981,limit,L00000166,buy,66.0,100.03,T05,,SYNTH
7.062149599074363,limit,L00000167,buy,185.0,100.01,T07,,SYNTH
7.272480913576301,limit,L00000168,buy,241.0,99.96,T03,,SYNTH
7.355951313404068,limit,L00000169,buy,149.0,99.92,T23,,SYNTH
7.393471411609842,limit,L00000170,buy,151.0,99.93,T04,,SYNTH
7.403538518202975,limit,L00000171,buy,71.0,99.96,T16,,SYNTH
7.431323968172089,market,M00000172,sell,30.0,,TAKER11,,SYNTH
7.510891180965642,limit,L00000173,buy,69.0,100.08,T13,,SYNTH
7.541191487083008,cancel,C00000174,,,,T21,L00000042,SYNTH
7.5499666325544705,market,M00000175,buy,2.0,,TAKER08,,SYNTH
7.616834590182985,limit,L00000176,buy,170.0,100.07,T11,,SYNTH
7.656470630674371,limit,L00000177,sell,63.0,100.15,T14,,SYNTH
7.695381932482409,limit,L00000178,sell,343.0,100.11,T04,,SYNTH
7.708835376553163,market,M00000179,buy,52.0,,TAKER05,,SYNTH
7.76738149244512,limit,L00000180,buy,292.0,100.05,T01,,SYNTH
7.784488244072073,cancel,C00000181,,,,T10,L00000029,SYNTH
7.824639282476722,limit,L00000182,sell,205.0,100.06,T11,,SYNTH
7.959740603675559,limit,L00000183,sell,122.0,100.09,T22,,SYNTH
8.166545904346417,limit,L00000184,buy,107.0,100.1,T22,,SYNTH
8.248678091688928,limit,L00000185,buy,363.0,100.12,T24,,SYNTH
8.26129186140218,limit,L00000186,sell,224.0,100.23,T20,,SYNTH
8.345162122166105,limit,L00000187,sell,161.0,100.08,T09,,SYNTH
8.363496056186792,limit,L00000188,sell,231.0,100.06,T04,,SYNTH
8.499042669227393,limit,L00000189,buy,246.0,99.99,T05,,SYNTH
8.513060994469047,market,M00000190,sell,164.0,,TAKER02,,SYNTH
8.527446277990737,limit,L00000191,sell,200.0,100.01,T05,,SYNTH
8.725337316536207,cancel,C00000192,,,,T19,L00000130,SYNTH
8.728906987925836,modify,R00000193,,321.0,100.01,T12,L00000030,SYNTH
8.734572189809855,modify,R00000194,,117.0,99.97,T18,L00000003,SYNTH
8.741360698215182,market,M00000195,sell,68.0,,TAKER01,,SYNTH
8.837286627941056,market,M00000196,buy,65.0,,TAKER06,,SYNTH
8.846480911443415,market,M00000197,sell,53.0,,TAKER06,,SYNTH
8.849439562627557,limit,L00000198,buy,191.0,100.12,T22,,SYNTH
8.871389256516263,limit,L00000199,buy,88.0,100.11,T04,,SYNTH
8.884295842233737,limit,L00000200,sell,88.0,100.15,T20,,SYNTH
8.892954610517242,limit,L00000201,sell,158.0,100.05,T07,,SYNTH
8.94373373986494,limit,L00000202,sell,129.0,100.1,T16,,SYNTH
8.969571469033307,limit,L00000203,buy,196.0,100.02,T24,,SYNTH
9.014924598966818,cancel,C00000204,,,,T04,L00000019,SYNTH
9.072590437011913,limit,L00000205,buy,149.0,99.99,T06,,SYNTH
9.076870479089216,limit,L00000206,sell,172.0,99.99,T24,,SYNTH
9.109831402135494,limit,L00000207,buy,34.0,99.9,T01,,SYNTH
9.27628756857799,market,M00000208,buy,15.0,,TAKER05,,SYNTH
9.331556029655312,limit,L00000209,sell,37.0,99.96,T04,,SYNTH
9.349962036017892,market,M00000210,sell,30.0,,TAKER05,,SYNTH
9.373048116671871,market,M00000211,sell,150.0,,TAKER02,,SYNTH
9.392909932139647,market,M00000212,sell,80.0,,TAKER03,,SYNTH
9.410553163618633,market,M00000213,buy,83.0,,TAKER01,,SYNTH
9.463941752439991,market,M00000214,sell,201.0,,TAKER02,,SYNTH
9.588476189162263,market,M00000215,buy,146.0,,TAKER11,,SYNTH
9.63058315902954,limit,L00000216,sell,66.0,100.04,T08,,SYNTH
9.805940364518769,limit,L00000217,sell,61.0,100.03,T07,,SYNTH
9.814793954700818,modify,R00000218,,38.0,100.04,T09,L00000115,SYNTH
9.96137382391536,market,M00000219,buy,58.0,,TAKER06,,SYNTH
10.004633845469366,market,M00000220,sell,48.0,,TAKER10,,SYNTH
10.087966642531732,market,M00000221,buy,78.0,,TAKER05,,SYNTH
10.093791066735273,cancel,C00000222,,,,T08,L00000202,SYNTH
10.104449189336496,cancel,C00000223,,,,T11,L00000046,SYNTH
10.204071331858717,market,M00000224,buy,140.0,,TAKER08,,SYNTH
10.367566723752901,cancel,C00000225,,,,T23,L00000144,SYNTH
10.389638233844074,limit,L00000226,buy,89.0,100.0,T24,,SYNTH
10.48719781837224,limit,L00000227,sell,10.0,100.05,T13,,SYNTH
10.505298053954993,limit,L00000228,buy,60.0,99.91,T06,,SYNTH
10.542649694769704,limit,L00000229,buy,24.0,99.95,T17,,SYNTH
10.605408247202428,limit,L00000230,sell,14.0,100.13,T04,,SYNTH
10.748864847949777,limit,L00000231,buy,214.0,100.02,T11,,SYNTH
10.900260830511318,limit,L00000232,sell,11.0,100.06,T23,,SYNTH
10.943678718673862,cancel,C00000233,,,,T12,L00000077,SYNTH
10.988015844907995,limit,L00000234,buy,51.0,99.96,T01,,SYNTH
11.020100412711669,limit,L00000235,sell,57.0,100.05,T16,,SYNTH
11.067998633926802,market,M00000236,sell,4.0,,TAKER04,,SYNTH
11.083017159589788,limit,L00000237,sell,94.0,100.09,T17,,SYNTH
11.111513482374733,market,M00000238,sell,66.0,,TAKER10,,SYNTH
11.190085895106197,market,M00000239,buy,24.0,,TAKER06,,SYNTH
11.19413890441942,limit,L00000240,sell,30.0,99.98,T03,,SYNTH
11.227041603643979,limit,L00000241,sell,85.0,100.0,T13,,SYNTH
11.291426821885745,limit,L00000242,sell,35.0,100.07,T09,,SYNTH
11.30482337521688,cancel,C00000243,,,,T21,L00000132,SYNTH
11.333878898328585,limit,L00000244,buy,28.0,99.9,T08,,SYNTH
11.371020384557887,limit,L00000245,sell,21.0,99.92,T17,,SYNTH
11.37384786003742,market,M00000246,buy,36.0,,TAKER03,,SYNTH
11.389682971098768,cancel,C00000247,,,,T05,L00000230,SYNTH
11.577681265659457,limit,L00000248,sell,24.0,99.94,T13,,SYNTH
11.746339106023152,limit,L00000249,sell,13.0,99.85,T04,,SYNTH
11.749843735126682,market,M00000250,sell,13.0,,TAKER09,,SYNTH
11.828175509220607,limit,L00000251,sell,3.0,99.82,T17,,SYNTH
11.83223235744735,market,M00000252,sell,78.0,,TAKER01,,SYNTH
11.860268685113077,limit,L00000253,sell,47.0,99.85,T07,,SYNTH
11.865434983031747,limit,L00000254,buy,73.0,99.76,T07,,SYNTH
11.879369326081079,limit,L00000255,buy,115.0,99.76,T08,,SYNTH
11.935953694192701,limit,L00000256,buy,21.0,99.74,T18,,SYNTH
11.950502106965418,limit,L00000257,sell,38.0,99.87,T19,,SYNTH
11.977926125186295,modify,R00000258,,15.0,99.79,T13,L00000048,SYNTH
12.034509603640837,limit,L00000259,sell,40.0,99.83,T14,,SYNTH
12.116340330515715,market,M00000260,sell,11.0,,TAKER05,,SYNTH
12.18725337183086,limit,L00000261,buy,45.0,99.8,T01,,SYNTH
12.210262475189621,limit,L00000262,buy,21.0,99.79,T18,,SYNTH
12.307144239440632,limit,L00000263,buy,91.0,99.78,T12,,SYNTH
12.40759179042449,market,M00000264,sell,218.0,,TAKER02,,SYNTH
12.444829243692531,limit,L00000265,sell,31.0,99.87,T19,,SYNTH
12.464426453435602,limit,L00000266,buy,3.0,99.78,T08,,SYNTH
12.465019071238856,limit,L00000267,sell,28.0,99.82,T01,,SYNTH
12.584892344137858,market,M00000268,sell,126.0,,TAKER09,,SYNTH
12.597180668914193,limit,L00000269,sell,27.0,99.86,T19,,SYNTH
12.772153759236385,limit,L00000270,buy,59.0,99.77,T07,,SYNTH
12.912585167936578,limit,L00000271,buy,43.0,99.81,T11,,SYNTH
12.92574454014107,limit,L00000272,sell,30.0,99.88,T24,,SYNTH
13.092307671917549,limit,L00000273,sell,31.0,99.87,T07,,SYNTH
13.119992387051658,limit,L00000274,sell,39.0,99.87,T13,,SYNTH
13.142418083594501,limit,L00000275,buy,21.0,99.8,T18,,SYNTH
13.154079212388334,cancel,C00000276,,,,T03,L00000261,SYNTH
13.166031218317855,limit,L00000277,buy,13.0,99.78,T10,,SYNTH
13.172153681919267,limit,L00000278,sell,6.0,99.9,T16,,SYNTH
13.177155073027167,limit,L00000279,buy,42.0,99.82,T09,,SYNTH
13.186404512955013,limit,L00000280,buy,44.0,99.78,T19,,SYNTH
13.333793410143183,market,M00000281,buy,135.0,,TAKER01,,SYNTH
13.376294591021695,market,M00000282,sell,68.0,,TAKER02,,SYNTH
13.396457383948363,limit,L00000283,buy,51.0,99.85,T21,,SYNTH
13.448025129416592,cancel,C00000284,,,,T19,L00000201,SYNTH
13.47158729580374,limit,L00000285,sell,24.0,99.89,T08,,SYNTH
13.477081098447231,limit,L00000286,buy,84.0,99.78,T19,,SYNTH
13.497789337375647,limit,L00000287,buy,35.0,99.64,T04,,SYNTH
13.501163297020906,limit,L00000288,buy,65.0,99.64,T08,,SYNTH
13.513887230560796,market,M00000289,buy,80.0,,TAKER03,,SYNTH
13.608129827711963,limit,L00000290,buy,93.0,99.74,T02,,SYNTH
13.717556406555595,limit,L00000291,buy,19.0,99.67,T02,,SYNTH
13.778942811496332,modify,R00000292,,74.0,99.85,T07,L00000118,SYNTH
13.899069369835212,limit,L00000293,buy,33.0,99.81,T11,,SYNTH
13.952419079119885,limit,L00000294,sell,47.0,99.91,T24,,SYNTH
14.008658535496313,modify,R00000295,,307.0,99.86,T21,L00000081,SYNTH
14.057635471708405,limit,L00000296,sell,267.0,99.94,T05,,SYNTH
14.108957842892778,limit,L00000297,sell,127.0,99.97,T14,,SYNTH
14.206648455294498,limit,L00000298,buy,214.0,99.86,T03,,SYNTH
14.20930342693312,limit,L00000299,sell,5.0,99.9,T22,,SYNTH
14.258406046942545,limit,L00000300,sell,162.0,99.9,T08,,SYNTH
14.305658028477026,limit,L00000301,sell,125.0,99.87,T05,,SYNTH
14.33035283261518,market,M00000302,buy,136.0,,TAKER04,,SYNTH
14.461656079793762,limit,L00000303,buy,5.0,99.65,T08,,SYNTH
14.52108914630385,limit,L00000304,buy,58.0,99.78,T21,,SYNTH
14.614569757399313,limit,L00000305,buy,98.0,99.69,T23,,SYNTH
14.645904182018935,limit,L00000306,sell,122.0,99.76,T24,,SYNTH
14.770665723928843,limit,L00000307,sell,73.0,99.87,T19,,SYNTH
14.783427716194508,limit,L00000308,sell,107.0,99.91,T17,,SYNTH
14.79828005035436,limit,L00000309,buy,54.0,99.71,T09,,SYNTH
14.833836935688081,cancel,C00000310,,,,T02,L00000053,SYNTH
15.013518607489072,limit,L00000311,sell,317.0,99.81,T05,,SYNTH
15.060791093122136,limit,L00000312,buy,118.0,99.67,T06,,SYNTH
15.072129135295796,market,M00000313,buy,2.0,,TAKER07,,SYNTH
15.072844367774607,market,M00000314,sell,193.0,,TAKER08,,SYNTH
15.103787106483018,modify,R00000315,,61.0,99.95,T12,L00000125,SYNTH
15.187704505542186,cancel,C00000316,,,,T10,L00000271,SYNTH
15.226078346875799,limit,L00000317,buy,63.0,100.03,T03,,SYNTH
15.299821581421952,limit,L00000318,sell,155.0,100.14,T14,,SYNTH
15.306826355193115,limit,L00000319,buy,352.0,100.02,T19,,SYNTH
15.351173595223113,limit,L00000320,sell,9.0,100.03,T10,,SYNTH
15.436203921347987,cancel,C00000321,,,,T22,L00000285,SYNTH
15.437552782613455,limit,L00000322,buy,114.0,100.14,T17,,SYNTH
15.455607481130405,market,M00000323,buy,58.0,,TAKER06,,SYNTH
15.497053951918007,market,M00000324,sell,27.0,,TAKER02,,SYNTH
15.619034801552749,limit,L00000325,buy,203.0,100.39,T08,,SYNTH
15.691389722448237,cancel,C00000326,,,,T15,L00000279,SYNTH
15.716843631275344,limit,L00000327,buy,56.0,100.33,T03,,SYNTH
15.775828450426374,limit,L00000328,sell,63.0,100.34,T19,,SYNTH
15.812916457194726,limit,L00000329,sell,100.0,100.36,T12,,SYNTH
15.840716839734544,market,M00000330,sell,102.0,,TAKER09,,SYNTH
15.891892392592641,market,M00000331,buy,315.0,,TAKER09,,SYNTH
15.911218173261053,modify,R00000332,,64.0,100.33,T23,L00000135,SYNTH
15.923641702210643,limit,L00000333,sell,108.0,100.33,T22,,SYNTH
15.946058972212855,limit,L00000334,buy,196.0,100.22,T03,,SYNTH
15.950231992830517,market,M00000335,buy,11.0,,TAKER07,,SYNTH
15.970630743874297,limit,L00000336,sell,111.0,100.15,T22,,SYNTH
16.010157397149285,limit,L00000337,sell,269.0,100.17,T08,,SYNTH
16.20378370030875,market,M00000338,buy,60.0,,TAKER03,,SYNTH
16.27833479066848,limit,L00000339,buy,55.0,99.89,T06,,SYNTH
16.295757734908335,limit,L00000340,sell,481.0,99.97,T12,,SYNTH
16.35786522914994,modify,R00000341,,71.0,99.89,T12,L00000262,SYNTH
16.365840743334722,limit,L00000342,buy,255.0,99.94,T02,,SYNTH
16.372539290441253,cancel,C00000343,,,,T07,L00000266,SYNTH
16.41170714776256,limit,L00000344,sell,82.0,99.94,T06,,SYNTH
16.417498872531926,market,M00000345,sell,54.0,,TAKER06,,SYNTH
16.41834748817366,limit,L00000346,buy,216.0,99.88,T15,,SYNTH
16.523212511337785,limit,L00000347,sell,137.0,99.89,T12,,SYNTH
16.5674857750294,limit,L00000348,buy,86.0,99.85,T21,,SYNTH
16.64072547007413,limit,L00000349,sell,184.0,99.93,T23,,SYNTH
16.655252310087,limit,L00000350,buy,36.0,99.88,T08,,SYNTH
16.710282425906144,limit,L00000351,buy,214.0,99.91,T04,,SYNTH
16.757522029583317,limit,L00000352,buy,61.0,99.94,T11,,SYNTH
16.779128322665525,limit,L00000353,sell,37.0,100.02,T23,,SYNTH
16.786054368358645,limit,L00000354,buy,80.0,100.01,T21,,SYNTH
16.879981630944307,market,M00000355,buy,28.0,,TAKER04,,SYNTH
16.924574280887388,limit,L00000356,sell,37.0,100.05,T22,,SYNTH
16.925587898762533,limit,L00000357,buy,83.0,99.93,T13,,SYNTH
17.07709755094206,cancel,C00000358,,,,T20,L00000296,SYNTH
17.088860166559037,limit,L00000359,sell,106.0,100.0,T15,,SYNTH
17.10647907400662,market,M00000360,buy,65.0,,TAKER11,,SYNTH
17.171393517205065,limit,L00000361,sell,130.0,100.17,T18,,SYNTH
17.18323359533222,limit,L00000362,buy,57.0,100.03,T04,,SYNTH
17.196858318710362,cancel,C00000363,,,,T19,L00000115,SYNTH
17.3268361975855,market,M00000364,buy,29.0,,TAKER02,,SYNTH
17.32875785297518,market,M00000365,sell,90.0,,TAKER09,,SYNTH
17.332365886676023,limit,L00000366,sell,40.0,100.0,T10,,SYNTH
17.372023254733307,limit,L00000367,sell,102.0,99.94,T04,,SYNTH
17.450500551749762,limit,L00000368,sell,164.0,100.0,T23,,SYNTH
17.639913797951777,limit,L00000369,sell,410.0,100.0,T22,,SYNTH
17.708280762653246,limit,L00000370,buy,375.0,100.01,T07,,SYNTH
17.722380240264354,limit,L00000371,buy,266.0,100.01,T18,,SYNTH
17.7779771020034,limit,L00000372,sell,310.0,99.95,T15,,SYNTH
17.789111619996163,limit,L00000373,sell,87.0,99.99,T05,,SYNTH
17.83620049170927,limit,L00000374,sell,77.0,99.87,T02,,SYNTH
17.870846001746383,market,M00000375,sell,57.0,,TAKER07,,SYNTH
17.909879525354384,market,M00000376,buy,59.0,,TAKER04,,SYNTH
17.936863381848006,limit,L00000377,buy,278.0,99.65,T08,,SYNTH
17.967854606656182,cancel,C00000378,,,,T11,L00000048,SYNTH
18.007756877465162,market,M00000379,sell,73.0,,TAKER01,,SYNTH
18.008725315675825,market,M00000380,sell,117.0,,TAKER05,,SYNTH
18.05411071883461,limit,L00000381,buy,178.0,99.81,T19,,SYNTH
18.059911025858142,limit,L00000382,sell,85.0,99.94,T02,,SYNTH
18.06794463603701,modify,R00000383,,97.0,99.9,T17,L00000074,SYNTH
18.08682354668746,limit,L00000384,buy,179.0,99.8,T23,,SYNTH
18.129709567561097,limit,L00000385,buy,46.0,99.79,T19,,SYNTH
18.18187197783481,cancel,C00000386,,,,T20,L00000152,SYNTH
18.245630731039217,limit,L00000387,buy,53.0,99.77,T05,,SYNTH
18.29080256204406,limit,L00000388,buy,108.0,99.82,T13,,SYNTH
18.319495102436996,limit,L00000389,sell,134.0,99.95,T05,,SYNTH
18.331248358173802,cancel,C00000390,,,,T06,L00000178,SYNTH
18.380175963458306,limit,L00000391,sell,49.0,99.9,T08,,SYNTH
18.401603631003493,limit,L00000392,buy,235.0,99.82,T07,,SYNTH
18.40582172055051,market,M00000393,buy,30.0,,TAKER09,,SYNTH
18.49141499263078,limit,L00000394,sell,43.0,99.94,T24,,SYNTH
18.557651816872696,limit,L00000395,buy,113.0,99.79,T03,,SYNTH
18.562980090177675,limit,L00000396,sell,301.0,99.88,T03,,SYNTH
18.617463835548477,market,M00000397,sell,8.0,,TAKER02,,SYNTH
18.804768987342836,limit,L00000398,buy,402.0,99.87,T03,,SYNTH
18.8359345341857,market,M00000399,buy,148.0,,TAKER11,,SYNTH
18.878115163869563,market,M00000400,sell,74.0,,TAKER05,,SYNTH
18.89437943899274,limit,L00000401,buy,69.0,99.77,T09,,SYNTH
18.97859894360664,limit,L00000402,sell,145.0,99.93,T03,,SYNTH
19.203987548002974,limit,L00000403,buy,291.0,99.82,T01,,SYNTH
19.21563565526406,limit,L00000404,sell,300.0,99.97,T09,,SYNTH
19.24698613899276,limit,L00000405,buy,91.0,99.92,T22,,SYNTH
19.27165784008916,limit,L00000406,sell,294.0,99.97,T23,,SYNTH
19.355849553953796,cancel,C00000407,,,,T11,L00000231,SYNTH
19.38613566171502,market,M00000408,buy,151.0,,TAKER09,,SYNTH
19.407141964585925,cancel,C00000409,,,,T02,L00000044,SYNTH
19.46527459171508,market,M00000410,buy,66.0,,TAKER10,,SYNTH
19.47519711452847,limit,L00000411,sell,260.0,99.9,T21,,SYNTH
19.54684565146818,market,M00000412,buy,90.0,,TAKER08,,SYNTH
19.607027152906703,limit,L00000413,buy,170.0,99.95,T15,,SYNTH
19.622683355957513,limit,L00000414,sell,188.0,99.97,T07,,SYNTH
19.888828339325453,modify,R00000415,,63.0,99.86,T19,L00000142,SYNTH
19.889176581946412,limit,L00000416,buy,99.0,99.82,T19,,SYNTH
19.923407702550342,limit,L00000417,buy,67.0,99.79,T10,,SYNTH
19.991936700294207,market,M00000418,buy,10.0,,TAKER07,,SYNTH
20.00347627035616,limit,L00000419,buy,145.0,99.85,T13,,SYNTH
20.059631962678214,market,M00000420,buy,71.0,,TAKER07,,SYNTH
20.059730825428307,market,M00000421,buy,87.0,,TAKER06,,SYNTH
20.162134195398068,limit,L00000422,sell,219.0,99.92,T20,,SYNTH
20.183227809339275,limit,L00000423,buy,318.0,99.77,T10,,SYNTH
20.18937121526122,market,M00000424,buy,113.0,,TAKER08,,SYNTH
20.202859203067263,limit,L00000425,sell,43.0,99.84,T11,,SYNTH
20.30297027131824,limit,L00000426,buy,316.0,99.81,T23,,SYNTH
20.320176684603435,cancel,C00000427,,,,T22,L00000232,SYNTH
20.37160643376576,limit,L00000428,sell,160.0,100.0,T06,,SYNTH
20.405051809809123,market,M00000429,buy,145.0,,TAKER04,,SYNTH
20.42260810851534,limit,L00000430,sell,129.0,100.11,T12,,SYNTH
20.434981188473415,modify,R00000431,,135.0,99.94,T06,L00000262,SYNTH
20.478736374982617,limit,L00000432,sell,116.0,100.1,T15,,SYNTH
20.51548234959872,limit,L00000433,sell,129.0,99.99,T09,,SYNTH
20.54306767851918,market,M00000434,buy,73.0,,TAKER02,,SYNTH
20.653129687514515,cancel,C00000435,,,,T15,L00000244,SYNTH
20.66205740198707,market,M00000436,buy,50.0,,TAKER08,,SYNTH
20.734365984122512,limit,L00000437,buy,374.0,99.97,T19,,SYNTH
20.74287833889298,limit,L00000438,buy,141.0,99.99,T06,,SYNTH
20.75685927555139,limit,L00000439,buy,159.0,99.92,T03,,SYNTH
20.79350650622013,market,M00000440,sell,173.0,,TAKER07,,SYNTH
20.82101637641887,limit,L00000441,buy,292.0,99.86,T05,,SYNTH
20.8970243636818,limit,L00000442,buy,145.0,99.84,T14,,SYNTH
20.920200364387753,limit,L00000443,buy,93.0,99.88,T02,,SYNTH
20.97996980071256,market,M00000444,sell,258.0,,TAKER02,,SYNTH
21.075382463417277,limit,L00000445,sell,36.0,99.93,T16,,SYNTH
21.154088239841233,market,M00000446,buy,58.0,,TAKER03,,SYNTH
21.228792074941467,market,M00000447,buy,78.0,,TAKER10,,SYNTH
21.25885931267137,market,M00000448,buy,63.0,,TAKER09,,SYNTH
21.28031709509668,limit,L00000449,sell,7.0,99.84,T07,,SYNTH
21.293795382792926,limit,L00000450,buy,64.0,99.69,T21,,SYNTH
21.35825299399909,market,M00000451,sell,16.0,,TAKER06,,SYNTH
21.444975827392884,limit,L00000452,sell,21.0,99.73,T21,,SYNTH
21.46182898305986,market,M00000453,buy,28.0,,TAKER01,,SYNTH
21.478398546557425,limit,L00000454,sell,37.0,99.68,T07,,SYNTH
21.552360156555096,limit,L00000455,sell,79.0,99.75,T23,,SYNTH
21.579000815907886,limit,L00000456,buy,68.0,99.73,T07,,SYNTH
21.614268644082195,limit,L00000457,sell,8.0,99.74,T07,,SYNTH
21.690150457697488,limit,L00000458,buy,99.0,99.68,T11,,SYNTH
21.878382855822768,limit,L00000459,sell,35.0,99.68,T24,,SYNTH
21.937742892018758,limit,L00000460,buy,91.0,99.65,T10,,SYNTH
22.051297856630296,limit,L00000461,buy,87.0,99.61,T17,,SYNTH
22.089522393406003,limit,L00000462,buy,102.0,99.51,T05,,SYNTH
22.089645261209796,market,M00000463,sell,105.0,,TAKER05,,SYNTH
22.150416818409603,limit,L00000464,sell,295.0,99.71,T13,,SYNTH
22.1882219357793,market,M00000465,buy,38.0,,TAKER02,,SYNTH
22.32473018489928,limit,L00000466,sell,291.0,99.72,T07,,SYNTH
22.405576569681454,limit,L00000467,sell,53.0,99.78,T05,,SYNTH
22.46536286616731,limit,L00000468,sell,115.0,99.79,T19,,SYNTH
22.522063832187154,market,M00000469,buy,376.0,,TAKER07,,SYNTH
22.530550124932486,cancel,C00000470,,,,T06,L00000156,SYNTH
22.550964533546356,cancel,C00000471,,,,T18,L00000361,SYNTH
22.558191025422314,limit,L00000472,buy,152.0,99.7,T08,,SYNTH
22.580551735929824,limit,L00000473,buy,187.0,99.69,T23,,SYNTH
22.614593127697376,limit,L00000474,buy,121.0,99.63,T16,,SYNTH
22.63876378636694,limit,L00000475,buy,190.0,99.63,T24,,SYNTH
22.667442604548903,limit,L00000476,buy,39.0,99.78,T23,,SYNTH
22.674179128118805,limit,L00000477,buy,57.0,99.59,T24,,SYNTH
22.80225001838312,limit,L00000478,buy,174.0,99.68,T22,,SYNTH
22.8435111295089,market,M00000479,sell,75.0,,TAKER03,,SYNTH
22.990832344790423,limit,L00000480,buy,164.0,99.71,T10,,SYNTH
23.078808903876094,cancel,C00000481,,,,T12,L00000371,SYNTH
23.10705480577538,cancel,C00000482,,,,T17,L00000087,SYNTH
23.148111212887283,cancel,C00000483,,,,T10,L00000064,SYNTH
23.182247224169434,limit,L00000484,buy,119.0,99.8,T19,,SYNTH
23.223036078938847,limit,L00000485,buy,81.0,99.8,T01,,SYNTH
23.391848976305873,market,M00000486,buy,24.0,,TAKER10,,SYNTH
23.428590830526645,market,M00000487,buy,33.0,,TAKER11,,SYNTH
23.44690385847693,cancel,C00000488,,,,T08,L00000235,SYNTH
23.551121288073404,market,M00000489,buy,218.0,,TAKER06,,SYNTH
23.571422297975683,limit,L00000490,sell,27.0,99.91,T24,,SYNTH
23.604914385792966,modify,R00000491,,152.0,99.79,T04,L00000167,SYNTH
23.63811650330212,limit,L00000492,buy,88.0,99.83,T13,,SYNTH
23.840777990143124,limit,L00000493,buy,185.0,99.83,T10,,SYNTH
23.843735655089613,limit,L00000494,buy,166.0,99.83,T11,,SYNTH
23.84452206785021,limit,L00000495,buy,48.0,99.76,T07,,SYNTH
23.91396913714186,cancel,C00000496,,,,T05,L00000209,SYNTH
23.995884755498512,market,M00000497,sell,44.0,,TAKER08,,SYNTH
24.00463573593142,limit,L00000498,sell,77.0,99.93,T04,,SYNTH
24.00530261835983,limit,L00000499,buy,170.0,99.82,T03,,SYNTH
24.007973684801186,market,M00000500,sell,65.0,,TAKER08,,SYNTH
24.023159128863842,limit,L00000501,buy,81.0,99.71,T02,,SYNTH
24.033641280116196,limit,L00000502,buy,117.0,99.7,T14,,SYNTH
24.08789702906546,limit,L00000503,sell,374.0,99.83,T17,,SYNTH
24.10257634596959,market,M00000504,sell,181.0,,TAKER01,,SYNTH
24.178165904834344,limit,L00000505,buy,72.0,99.59,T20,,SYNTH
24.184590839272627,limit,L00000506,buy,220.0,99.65,T23,,SYNTH
24.22389866953775,limit,L00000507,buy,232.0,99.6,T20,,SYNTH
24.283972382851537,market,M00000508,buy,28.0,,TAKER11,,SYNTH
24.36649674396545,cancel,C00000509,,,,T24,L00000003,SYNTH
24.46699770343502,market,M00000510,buy,80.0,,TAKER03,,SYNTH
24.515479505941574,modify,R00000511,,122.0,99.55,T10,L00000171,SYNTH
24.56799413823866,limit,L00000512,sell,136.0,99.58,T11,,SYNTH
24.642040832613862,limit,L00000513,buy,49.0,99.55,T22,,SYNTH
24.642526316557994,cancel,C00000514,,,,T08,L00000303,SYNTH
24.688397910873483,limit,L00000515,buy,237.0,99.68,T01,,SYNTH
24.73308879906587,market,M00000516,sell,76.0,,TAKER02,,SYNTH
24.754181988576047,market,M00000517,sell,28.0,,TAKER08,,SYNTH
24.764288008776905,market,M00000518,sell,24.0,,TAKER06,,SYNTH
24.783535072272276,limit,L00000519,buy,56.0,99.65,T04,,SYNTH
24.828414088432304,limit,L00000520,buy,380.0,99.68,T06,,SYNTH
24.986589220727126,limit,L00000521,buy,203.0,99.8,T19,,SYNTH
25.07342241561429,market,M00000522,buy,32.0,,TAKER06,,SYNTH
25.10899901265594,market,M00000523,buy,79.0,,TAKER01,,SYNTH
25.111565973260717,limit,L00000524,sell,146.0,99.86,T01,,SYNTH
25.116760836781502,limit,L00000525,buy,163.0,99.91,T05,,SYNTH
25.119052207369798,limit,L00000526,buy,406.0,99.98,T14,,SYNTH
25.16467187644726,cancel,C00000527,,,,T03,L00000311,SYNTH
25.190841957094417,market,M00000528,buy,97.0,,TAKER03,,SYNTH
25.210871725281176,limit,L00000529,buy,103.0,99.86,T16,,SYNTH
25.21943479412771,cancel,C00000530,,,,T23,L00000094,SYNTH
25.28936249946201,market,M00000531,buy,2.0,,TAKER04,,SYNTH
25.429432865111057,market,M00000532,buy,31.0,,TAKER09,,SYNTH
25.448961849323798,limit,L00000533,buy,56.0,99.85,T06,,SYNTH
25.491741687828938,limit,L00000534,buy,83.0,99.8,T10,,SYNTH
25.664169766823246,limit,L00000535,sell,134.0,99.9,T03,,SYNTH
25.70129079904796,market,M00000536,buy,174.0,,TAKER01,,SYNTH
25.756485102483015,limit,L00000537,sell,129.0,100.02,T13,,SYNTH
25.768123652657383,limit,L00000538,buy,106.0,99.93,T17,,SYNTH
25.78035459359162,limit,L00000539,sell,56.0,100.02,T06,,SYNTH
25.823753933244355,limit,L00000540,sell,229.0,99.98,T24,,SYNTH
25.855616312612145,limit,L00000541,sell,89.0,100.01,T13,,SYNTH
25.95373461782795,market,M00000542,buy,226.0,,TAKER04,,SYNTH
25.962168875703952,market,M00000543,sell,76.0,,TAKER05,,SYNTH
26.060370676772195,limit,L00000544,sell,115.0,100.09,T21,,SYNTH
26.073906453661916,modify,R00000545,,99.0,99.97,T16,L00000259,SYNTH
26.151572534912926,limit,L00000546,sell,66.0,99.9,T17,,SYNTH
26.160781657220767,limit,L00000547,buy,132.0,99.78,T23,,SYNTH
26.169305247897768,limit,L00000548,buy,306.0,99.75,T07,,SYNTH
26.227184860240637,limit,L00000549,sell,34.0,99.94,T06,,SYNTH
26.290881979565683,limit,L00000550,sell,21.0,99.87,T08,,SYNTH
26.364144014759393,cancel,C00000551,,,,T03,L00000068,SYNTH
26.45416335896618,limit,L00000552,buy,210.0,99.76,T14,,SYNTH
26.495527095128367,limit,L00000553,buy,216.0,99.77,T07,,SYNTH
26.510380810317116,market,M00000554,sell,82.0,,TAKER05,,SYNTH
26.608338757030015,limit,L00000555,sell,263.0,99.91,T05,,SYNTH
26.72395781887961,limit,L00000556,buy,130.0,99.89,T20,,SYNTH
26.725323917609014,cancel,C00000557,,,,T11,L00000050,SYNTH
26.737131441747643,limit,L00000558,buy,136.0,99.92,T24,,SYNTH
26.74148293197495,limit,L00000559,sell,85.0,100.03,T03,,SYNTH
26.83256904277969,limit,L00000560,buy,157.0,99.99,T01,,SYNTH
26.954696623158735,limit,L00000561,buy,31.0,99.95,T23,,SYNTH
27.032728687457453,limit,L00000562,buy,404.0,99.89,T22,,SYNTH
27.06920005065981,limit,L00000563,buy,124.0,99.83,T18,,SYNTH
27.166127585458625,limit,L00000564,buy,88.0,99.88,T12,,SYNTH
27.19963056106358,limit,L00000565,sell,262.0,100.06,T04,,SYNTH
27.260837808706455,limit,L00000566,buy,361.0,100.06,T06,,SYNTH
27.28397828953414,limit,L00000567,buy,86.0,100.07,T12,,SYNTH
27.46030374479176,limit,L00000568,sell,79.0,100.23,T10,,SYNTH
27.52739585373154,limit,L00000569,buy,183.0,100.13,T18,,SYNTH
27.588426927211696,market,M00000570,buy,36.0,,TAKER02,,SYNTH
27.66653005969836,limit,L00000571,buy,3.0,100.06,T01,,SYNTH
27.712735111780198,limit,L00000572,buy,115.0,99.99,T18,,SYNTH
27.748724575658883,cancel,C00000573,,,,T13,L00000459,SYNTH
27.81928772371353,limit,L00000574,sell,255.0,100.15,T19,,SYNTH
27.932194882103527,limit,L00000575,buy,89.0,100.02,T17,,SYNTH
27.945595245123894,limit,L00000576,buy,338.0,100.0,T15,,SYNTH
28.00515097805862,modify,R00000577,,113.0,100.07,T13,L00000203,SYNTH
28.107957933019893,market,M00000578,sell,160.0,,TAKER03,,SYNTH
28.123207938699515,limit,L00000579,sell,25.0,100.1,T17,,SYNTH
28.1638705461143,market,M00000580,sell,92.0,,TAKER02,,SYNTH
28.196414908487856,limit,L00000581,buy,42.0,100.03,T08,,SYNTH
28.21860635637617,limit,L00000582,buy,171.0,100.0,T22,,SYNTH
28.437827931722406,modify,R00000583,,256.0,100.14,T13,L00000439,SYNTH
28.469541353186955,limit,L00000584,sell,74.0,100.1,T24,,SYNTH
28.49711574967131,limit,L00000585,buy,32.0,100.03,T12,,SYNTH
28.498098441852804,limit,L00000586,sell,127.0,100.12,T02,,SYNTH
28.524814530539608,cancel,C00000587,,,,T22,L00000073,SYNTH
28.534368881815595,limit,L00000588,buy,114.0,99.99,T05,,SYNTH
28.53545700151108,limit,L00000589,sell,287.0,100.1,T05,,SYNTH
28.565006584253293,limit,L00000590,buy,113.0,99.96,T11,,SYNTH
28.687584529366376,market,M00000591,buy,27.0,,TAKER10,,SYNTH
28.728845717484617,market,M00000592,sell,64.0,,TAKER06,,SYNTH
28.766963800491606,limit,L00000593,buy,215.0,99.94,T21,,SYNTH
28.788468768878836,market,M00000594,sell,135.0,,TAKER02,,SYNTH
28.808644974491585,limit,L00000595,sell,399.0,100.03,T22,,SYNTH
28.949802171170695,limit,L00000596,buy,27.0,99.95,T14,,SYNTH
28.958405494637198,limit,L00000597,buy,375.0,99.96,T06,,SYNTH
28.97666008033566,limit,L00000598,sell,540.0,100.03,T03,,SYNTH
29.012261875663448,cancel,C00000599,,,,T02,L00000242,SYNTH
29.04949506139155,market,M00000600,buy,12.0,,TAKER05,,SYNTH
29.127251446930437,limit,L00000601,sell,26.0,100.06,T01,,SYNTH
29.147443965554956,limit,L00000602,sell,142.0,100.05,T15,,SYNTH
29.15994804527115,limit,L00000603,buy,121.0,99.94,T15,,SYNTH
29.18179088024515,cancel,C00000604,,,,T24,L00000337,SYNTH
29.20738364234422,limit,L00000605,sell,106.0,100.01,T02,,SYNTH
29.29768137916943,limit,L00000606,sell,105.0,99.97,T21,,SYNTH
29.32587987075435,limit,L00000607,buy,143.0,99.91,T02,,SYNTH
29.400317080676615,limit,L00000608,sell,198.0,99.96,T10,,SYNTH
29.508069775099944,limit,L00000609,sell,204.0,99.94,T21,,SYNTH
29.513116305306013,limit,L00000610,sell,42.0,99.92,T09,,SYNTH
29.609384327734,limit,L00000611,sell,94.0,99.9,T17,,SYNTH
29.707951628965997,limit,L00000612,sell,75.0,99.97,T07,,SYNTH
29.807465479189215,limit,L00000613,buy,79.0,99.88,T04,,SYNTH
29.937160755170837,limit,L00000614,buy,312.0,99.81,T09,,SYNTH
29.944170416048173,limit,L00000615,buy,73.0,99.85,T24,,SYNTH
30.04297348923732,limit,L00000616,sell,434.0,99.97,T16,,SYNTH
30.07722578584337,market,M00000617,buy,58.0,,TAKER07,,SYNTH
30.07950757324653,market,M00000618,buy,64.0,,TAKER11,,SYNTH
30.09524119045019,limit,L00000619,sell,129.0,99.95,T07,,SYNTH
30.102283153582015,market,M00000620,sell,14.0,,TAKER01,,SYNTH
30.116912229961628,market,M00000621,buy,95.0,,TAKER11,,SYNTH
30.133055964439116,limit,L00000622,sell,20.0,100.0,T16,,SYNTH
30.187033597076187,limit,L00000623,sell,129.0,99.96,T18,,SYNTH
30.212871672378814,modify,R00000624,,56.0,99.98,T08,L00000373,SYNTH
30.252563351544648,limit,L00000625,buy,191.0,99.87,T01,,SYNTH
30.285731857588665,limit,L00000626,buy,101.0,99.86,T04,,SYNTH
30.414482693187136,limit,L00000627,buy,198.0,99.86,T09,,SYNTH
30.464444765589665,market,M00000628,buy,127.0,,TAKER05,,SYNTH
30.686682121000405,market,M00000629,sell,49.0,,TAKER01,,SYNTH
30.751386350268593,market,M00000630,buy,50.0,,TAKER10,,SYNTH
31.097828179247447,market,M00000631,sell,143.0,,TAKER02,,SYNTH
31.202340979651687,market,M00000632,buy,216.0,,TAKER03,,SYNTH
31.29168322103175,limit,L00000633,sell,281.0,99.89,T07,,SYNTH
31.31565621673013,limit,L00000634,buy,275.0,99.78,T09,,SYNTH
31.31803336837894,limit,L00000635,buy,516.0,99.8,T04,,SYNTH
31.326081236859594,limit,L00000636,buy,285.0,99.84,T09,,SYNTH
31.436785965605935,market,M00000637,buy,60.0,,TAKER01,,SYNTH
31.502558612468473,limit,L00000638,sell,166.0,99.88,T11,,SYNTH
31.61517696350183,limit,L00000639,sell,312.0,99.87,T04,,SYNTH
31.683602098980987,limit,L00000640,buy,152.0,99.81,T11,,SYNTH
31.728739116771575,market,M00000641,buy,82.0,,TAKER08,,SYNTH
31.751034220510576,market,M00000642,sell,75.0,,TAKER08,,SYNTH
31.782333045643036,market,M00000643,buy,61.0,,TAKER02,,SYNTH
31.872164113788525,limit,L00000644,buy,46.0,99.85,T22,,SYNTH
31.891261109258334,limit,L00000645,sell,211.0,99.93,T08,,SYNTH
31.95159969266646,limit,L00000646,buy,98.0,99.83,T13,,SYNTH
31.962984551381023,limit,L00000647,buy,132.0,99.84,T09,,SYNTH
32.07782758608318,limit,L00000648,sell,19.0,99.87,T02,,SYNTH
32.1676883698648,limit,L00000649,sell,223.0,99.9,T21,,SYNTH
32.27129241198982,limit,L00000650,buy,37.0,99.85,T01,,SYNTH
32.283326674276104,market,M00000651,sell,134.0,,TAKER07,,SYNTH
32.28621069918387,limit,L00000652,sell,55.0,99.94,T08,,SYNTH
32.34385653932315,limit,L00000653,sell,56.0,99.94,T16,,SYNTH
32.5929627584826,limit,L00000654,buy,219.0,99.83,T06,,SYNTH
32.68720383237368,market,M00000655,sell,21.0,,TAKER10,,SYNTH
32.693114147991416,limit,L00000656,sell,38.0,99.93,T01,,SYNTH
33.04535781644111,cancel,C00000657,,,,T22,L00000329,SYNTH
33.125388941297174,market,M00000658,buy,127.0,,TAKER09,,SYNTH
33.17820204995834,limit,L00000659,sell,54.0,99.91,T07,,SYNTH
33.20523170629221,market,M00000660,sell,35.0,,TAKER03,,SYNTH
33.21251208045698,limit,L00000661,sell,28.0,99.91,T05,,SYNTH
33.21853712039275,limit,L00000662,sell,14.0,99.92,T24,,SYNTH
33.23078125081736,limit,L00000663,buy,105.0,99.84,T20,,SYNTH
33.271720171564034,limit,L00000664,buy,36.0,99.81,T23,,SYNTH
33.401959318469515,limit,L00000665,sell,21.0,99.9,T15,,SYNTH
33.41815106528042,limit,L00000666,sell,85.0,99.97,T21,,SYNTH
33.421297194849316,limit,L00000667,sell,95.0,99.92,T14,,SYNTH
33.49225219637142,limit,L00000668,sell,96.0,99.96,T21,,SYNTH
33.55006899819622,limit,L00000669,sell,143.0,99.9,T22,,SYNTH
33.72942796115607,modify,R00000670,,42.0,99.91,T03,L00000401,SYNTH
33.74221710708242,market,M00000671,sell,131.0,,TAKER04,,SYNTH
33.78462346294571,cancel,C00000672,,,,T22,L00000237,SYNTH
33.849737264833294,market,M00000673,sell,77.0,,TAKER07,,SYNTH
33.86043802281134,limit,L00000674,sell,61.0,99.95,T10,,SYNTH
33.87217581077273,limit,L00000675,buy,89.0,99.83,T02,,SYNTH
33.96568163377412,limit,L00000676,sell,127.0,99.97,T18,,SYNTH
33.997307340418274,limit,L00000677,sell,109.0,99.94,T18,,SYNTH
34.04931492434325,market,M00000678,sell,12.0,,TAKER09,,SYNTH
34.184798831874595,limit,L00000679,sell,88.0,99.96,T14,,SYNTH
34.20556424937257,market,M00000680,buy,97.0,,TAKER05,,SYNTH
34.2059936829637,market,M00000681,sell,87.0,,TAKER03,,SYNTH
34.21247748869143,market,M00000682,sell,194.0,,TAKER04,,SYNTH
34.22221595743429,market,M00000683,sell,108.0,,TAKER04,,SYNTH
34.32863186191469,limit,L00000684,buy,67.0,99.82,T15,,SYNTH
34.38393734269437,limit,L00000685,buy,88.0,99.84,T21,,SYNTH
34.38561922384493,limit,L00000686,sell,116.0,99.95,T12,,SYNTH
34.38709216297849,market,M00000687,buy,2.0,,TAKER07,,SYNTH
34.40710617774659,limit,L00000688,buy,144.0,99.85,T12,,SYNTH
34.517770761615914,cancel,C00000689,,,,T12,L00000283,SYNTH
34.519631940339664,cancel,C00000690,,,,T15,L00000597,SYNTH
34.54921176639006,limit,L00000691,sell,60.0,99.91,T13,,SYNTH
34.561657634389384,limit,L00000692,sell,152.0,99.85,T18,,SYNTH
34.56838817160574,market,M00000693,sell,48.0,,TAKER11,,SYNTH
34.59266780003585,limit,L00000694,sell,103.0,99.91,T16,,SYNTH
34.594274130649396,limit,L00000695,buy,48.0,99.77,T14,,SYNTH
34.75995537082933,market,M00000696,buy,23.0,,TAKER05,,SYNTH
34.76198270567557,limit,L00000697,buy,29.0,99.81,T11,,SYNTH
34.789680039082974,limit,L00000698,buy,5.0,99.85,T04,,SYNTH
34.80459343987064,market,M00000699,sell,75.0,,TAKER09,,SYNTH
34.847399003449326,limit,L00000700,sell,59.0,99.9,T15,,SYNTH
34.889874068799635,limit,L00000701,sell,66.0,99.88,T17,,SYNTH
34.990785033025446,market,M00000702,sell,158.0,,TAKER11,,SYNTH
35.00071175489432,market,M00000703,buy,170.0,,TAKER02,,SYNTH
35.02054518137799,limit,L00000704,buy,86.0,99.78,T04,,SYNTH
35.04347708117378,market,M00000705,sell,197.0,,TAKER08,,SYNTH
35.068162080378556,limit,L00000706,buy,334.0,99.86,T12,,SYNTH
35.0752247656677,market,M00000707,buy,54.0,,TAKER11,,SYNTH
35.07773182662172,market,M00000708,buy,205.0,,TAKER05,,SYNTH
35.11344146130659,limit,L00000709,sell,118.0,99.88,T20,,SYNTH
35.16883749855096,cancel,C00000710,,,,T02,L00000272,SYNTH
35.16957143827738,limit,L00000711,sell,51.0,99.87,T02,,SYNTH
35.17122989526935,limit,L00000712,sell,342.0,99.86,T01,,SYNTH
35.17388092973239,limit,L00000713,sell,89.0,99.89,T01,,SYNTH
35.186254142272006,limit,L00000714,sell,142.0,99.87,T23,,SYNTH
35.18922076132202,market,M00000715,buy,52.0,,TAKER07,,SYNTH
35.269167302511015,limit,L00000716,buy,400.0,99.81,T24,,SYNTH
35.30292434499552,limit,L00000717,sell,99.0,99.83,T07,,SYNTH
35.385772967294855,limit,L00000718,buy,174.0,99.73,T17,,SYNTH
35.52529286879955,market,M00000719,sell,12.0,,TAKER08,,SYNTH
35.54694027466626,cancel,C00000720,,,,T17,L00000126,SYNTH
35.60291160738268,limit,L00000721,sell,43.0,99.85,T12,,SYNTH
35.67537022745039,modify,R00000722,,427.0,99.71,T24,L00000413,SYNTH
35.67787149561102,market,M00000723,buy,275.0,,TAKER05,,SYNTH
35.700698689300914,limit,L00000724,buy,132.0,99.72,T02,,SYNTH
35.74146792714857,limit,L00000725,buy,95.0,99.75,T05,,SYNTH
35.77001185698876,limit,L00000726,sell,59.0,99.86,T07,,SYNTH
35.86219017967297,limit,L00000727,buy,72.0,99.76,T14,,SYNTH
35.867456366813556,cancel,C00000728,,,,T24,L00000403,SYNTH
35.90720620299336,market,M00000729,buy,229.0,,TAKER06,,SYNTH
35.94446658121542,cancel,C00000730,,,,T16,L00000590,SYNTH
35.97604014988315,limit,L00000731,buy,52.0,99.7,T24,,SYNTH
35.98756418899697,limit,L00000732,buy,22.0,99.72,T09,,SYNTH
35.997134335147244,limit,L00000733,buy,121.0,99.73,T15,,SYNTH
36.02697769492049,limit,L00000734,sell,279.0,99.86,T10,,SYNTH
36.112513787732,market,M00000735,sell,212.0,,TAKER11,,SYNTH
36.12672563253984,cancel,C00000736,,,,T20,L00000731,SYNTH
36.14965152588213,market,M00000737,buy,223.0,,TAKER03,,SYNTH
36.181827238648076,market,M00000738,buy,67.0,,TAKER04,,SYNTH
36.19267060820466,limit,L00000739,sell,49.0,99.84,T07,,SYNTH
36.204269003288545,market,M00000740,buy,65.0,,TAKER05,,SYNTH
36.23199032391936,cancel,C00000741,,,,T11,L00000286,SYNTH
36.28566847992528,market,M00000742,buy,51.0,,TAKER02,,SYNTH
36.31112017243637,limit,L00000743,sell,398.0,99.82,T04,,SYNTH
36.36977763437217,limit,L00000744,buy,88.0,99.7,T11,,SYNTH
36.3758638167639,limit,L00000745,buy,149.0,99.68,T20,,SYNTH
36.45430104391553,market,M00000746,buy,48.0,,TAKER06,,SYNTH
36.50483991397333,limit,L00000747,buy,132.0,99.72,T15,,SYNTH
36.533541328093435,limit,L00000748,buy,342.0,99.75,T13,,SYNTH
36.687195233391385,market,M00000749,buy,112.0,,TAKER06,,SYNTH
36.70074617758628,limit,L00000750,sell,93.0,99.82,T10,,SYNTH
36.706206752872724,limit,L00000751,buy,197.0,99.72,T10,,SYNTH
36.84858187658457,market,M00000752,buy,135.0,,TAKER08,,SYNTH
36.873022715619605,limit,L00000753,sell,64.0,99.89,T03,,SYNTH
36.88516756844174,limit,L00000754,sell,46.0,99.81,T03,,SYNTH
36.892129620890096,market,M00000755,sell,269.0,,TAKER08,,SYNTH
36.92202194394902,limit,L00000756,buy,223.0,99.72,T19,,SYNTH
36.982105456477186,cancel,C00000757,,,,T22,L00000571,SYNTH
37.02703705979227,market,M00000758,sell,77.0,,TAKER11,,SYNTH
37.02820486922889,cancel,C00000759,,,,T08,L00000058,SYNTH
37.08549288140763,limit,L00000760,sell,148.0,99.65,T15,,SYNTH
37.115805333428874,market,M00000761,buy,35.0,,TAKER04,,SYNTH
37.16545017505862,modify,R00000762,,54.0,99.54,T08,L00000267,SYNTH
37.18106151135275,limit,L00000763,buy,247.0,99.45,T05,,SYNTH
37.213257487485954,limit,L00000764,sell,48.0,99.45,T07,,SYNTH
37.24432027619526,market,M00000765,buy,37.0,,TAKER02,,SYNTH
37.44265297113973,limit,L00000766,buy,20.0,99.59,T15,,SYNTH
37.45978658041898,market,M00000767,sell,41.0,,TAKER05,,SYNTH
37.48200979907339,cancel,C00000768,,,,T24,L00000012,SYNTH
37.590612429396266,limit,L00000769,buy,105.0,99.54,T01,,SYNTH
37.60234753634544,modify,R00000770,,153.0,99.69,T10,L00000605,SYNTH
37.63805157533721,market,M00000771,buy,146.0,,TAKER02,,SYNTH
37.652888379942645,limit,L00000772,buy,66.0,99.63,T24,,SYNTH
37.67176637776827,limit,L00000773,buy,73.0,99.64,T11,,SYNTH
37.70156328787839,limit,L00000774,sell,21.0,99.72,T22,,SYNTH
37.72573734246924,limit,L00000775,buy,11.0,99.6,T20,,SYNTH
37.75186178983427,limit,L00000776,sell,201.0,99.72,T16,,SYNTH
37.79506232164854,market,M00000777,sell,42.0,,TAKER08,,SYNTH
37.807456262018555,limit,L00000778,sell,154.0,99.74,T01,,SYNTH
37.83672656330311,limit,L00000779,buy,89.0,99.63,T03,,SYNTH
37.87304322473097,limit,L00000780,buy,90.0,99.61,T09,,SYNTH
37.87755938180988,limit,L00000781,buy,156.0,99.61,T12,,SYNTH
37.98029840088076,limit,L00000782,buy,23.0,99.58,T11,,SYNTH
38.05507308741871,limit,L00000783,buy,65.0,99.6,T16,,SYNTH
38.11521394790026,limit,L00000784,buy,70.0,99.59,T01,,SYNTH
38.11657628900981,limit,L00000785,sell,155.0,99.68,T12,,SYNTH
38.15128986510587,limit,L00000786,buy,45.0,99.61,T09,,SYNTH
38.159392005987115,market,M00000787,buy,72.0,,TAKER01,,SYNTH
38.223976019678744,limit,L00000788,sell,200.0,99.7,T07,,SYNTH
38.26426638117524,limit,L00000789,sell,123.0,99.68,T01,,SYNTH
38.34264802687436,limit,L00000790,buy,39.0,99.6,T13,,SYNTH
38.386547728883336,limit,L00000791,sell,141.0,99.69,T18,,SYNTH
38.48487045735789,limit,L00000792,buy,96.0,99.57,T24,,SYNTH
38.505852479914296,limit,L00000793,buy,57.0,99.61,T19,,SYNTH
38.51965332996062,limit,L00000794,buy,67.0,99.58,T19,,SYNTH
38.54310981516666,limit,L00000795,sell,90.0,99.68,T09,,SYNTH
38.54494372707069,limit,L00000796,buy,61.0,99.59,T07,,SYNTH
38.57957807978328,market,M00000797,sell,17.0,,TAKER05,,SYNTH
38.60117877957927,limit,L00000798,buy,101.0,99.61,T23,,SYNTH
38.78994328368894,limit,L00000799,buy,211.0,99.59,T06,,SYNTH
38.81002065029406,limit,L00000800,buy,51.0,99.57,T02,,SYNTH
38.83759834463663,limit,L00000801,buy,50.0,99.57,T01,,SYNTH
38.83993328191646,cancel,C00000802,,,,T23,L00000607,SYNTH
38.887234576149275,limit,L00000803,buy,17.0,99.57,T02,,SYNTH
38.89719937583006,limit,L00000804,buy,114.0,99.58,T02,,SYNTH
38.90906893685673,market,M00000805,buy,187.0,,TAKER06,,SYNTH
38.9791147287572,limit,L00000806,sell,148.0,99.69,T15,,SYNTH
38.988992680843694,cancel,C00000807,,,,T08,L00000105,SYNTH
39.10394775767558,market,M00000808,sell,177.0,,TAKER10,,SYNTH
39.10830528466069,limit,L00000809,buy,153.0,99.58,T21,,SYNTH
39.17495011724928,limit,L00000810,sell,146.0,99.68,T01,,SYNTH
39.18502822386065,limit,L00000811,buy,254.0,99.58,T17,,SYNTH
39.30554418760255,market,M00000812,buy,9.0,,TAKER02,,SYNTH
39.40820915467239,market,M00000813,sell,29.0,,TAKER10,,SYNTH
39.4199171173574,limit,L00000814,buy,63.0,99.63,T01,,SYNTH
39.463538140734485,market,M00000815,sell,79.0,,TAKER06,,SYNTH
39.56187453938671,limit,L00000816,sell,35.0,99.69,T07,,SYNTH
39.611525892292086,limit,L00000817,sell,169.0,99.64,T13,,SYNTH
39.61229526841328,limit,L00000818,buy,329.0,99.59,T16,,SYNTH
39.65165119720544,limit,L00000819,buy,29.0,99.61,T16,,SYNTH
39.69520254516896,limit,L00000820,buy,210.0,99.63,T24,,SYNTH
39.74822588911919,limit,L00000821,buy,100.0,99.52,T11,,SYNTH
39.815054332922685,limit,L00000822,buy,39.0,99.58,T07,,SYNTH
39.94951058154841,market,M00000823,sell,26.0,,TAKER05,,SYNTH
40.25610882993982,cancel,C00000824,,,,T19,L00000473,SYNTH
40.425070732066104,market,M00000825,sell,105.0,,TAKER09,,SYNTH
40.45415278366157,market,M00000826,sell,46.0,,TAKER04,,SYNTH
40.47164269099545,limit,L00000827,buy,52.0,99.4,T07,,SYNTH
40.65569004182801,market,M00000828,buy,30.0,,TAKER07,,SYNTH
40.68351351586273,limit,L00000829,buy,224.0,99.39,T06,,SYNTH
40.76364692846965,limit,L00000830,sell,76.0,99.51,T12,,SYNTH
40.78094826259271,market,M00000831,buy,81.0,,TAKER08,,SYNTH
40.96861255124617,limit,L00000832,sell,149.0,99.5,T14,,SYNTH
41.04275728422282,limit,L00000833,buy,134.0,99.44,T11,,SYNTH
41.18747066772525,limit,L00000834,buy,164.0,99.44,T13,,SYNTH
41.3329621370391,limit,L00000835,sell,56.0,99.45,T10,,SYNTH
41.42107675370603,limit,L00000836,buy,48.0,99.38,T12,,SYNTH
41.54514781344151,cancel,C00000837,,,,T07,L00000270,SYNTH
41.568973772285716,limit,L00000838,sell,77.0,99.48,T02,,SYNTH
41.60030412781081,limit,L00000839,sell,99.0,99.43,T22,,SYNTH
41.77322446763896,limit,L00000840,buy,74.0,99.33,T17,,SYNTH
41.77363834351031,limit,L00000841,buy,124.0,99.4,T19,,SYNTH
41.80826403228092,limit,L00000842,sell,54.0,99.48,T17,,SYNTH
41.87681679441087,limit,L00000843,sell,49.0,99.5,T08,,SYNTH
42.074690051315855,market,M00000844,sell,141.0,,TAKER10,,SYNTH
42.08942125129147,limit,L00000845,buy,58.0,99.36,T07,,SYNTH
42.12510713510476,limit,L00000846,sell,344.0,99.36,T16,,SYNTH
42.160392080028146,cancel,C00000847,,,,T20,L00000344,SYNTH
42.16076471666097,limit,L00000848,sell,52.0,99.39,T16,,SYNTH
42.16708884471483,market,M00000849,sell,97.0,,TAKER09,,SYNTH
42.16974918501071,limit,L00000850,buy,112.0,99.21,T08,,SYNTH
42.176262718105946,limit,L00000851,buy,282.0,99.13,T24,,SYNTH
42.219590979717466,limit,L00000852,buy,338.0,99.11,T11,,SYNTH
42.23878155627337,limit,L00000853,buy,177.0,99.17,T12,,SYNTH
42.247120048371066,limit,L00000854,buy,140.0,99.09,T15,,SYNTH
42.41180506403147,limit,L00000855,sell,128.0,99.13,T14,,SYNTH
42.53033694582379,limit,L00000856,buy,92.0,99.03,T22,,SYNTH
42.58241791274185,limit,L00000857,buy,60.0,99.07,T11,,SYNTH
42.6128038084626,limit,L00000858,buy,257.0,99.08,T19,,SYNTH
42.61396977333823,market,M00000859,buy,9.0,,TAKER02,,SYNTH
42.685932328457866,limit,L00000860,buy,129.0,99.08,T08,,SYNTH
42.68713577621773,market,M00000861,buy,143.0,,TAKER02,,SYNTH
42.7866512974153,limit,L00000862,buy,317.0,98.99,T04,,SYNTH
42.82687919254812,limit,L00000863,buy,98.0,98.94,T14,,SYNTH
42.878070687793254,limit,L00000864,buy,39.0,98.94,T06,,SYNTH
42.927967777851805,market,M00000865,sell,104.0,,TAKER08,,SYNTH
42.951645989105685,market,M00000866,sell,279.0,,TAKER04,,SYNTH
43.004062248022564,limit,L00000867,buy,148.0,99.0,T07,,SYNTH
43.010757835007404,limit,L00000868,buy,47.0,98.98,T09,,SYNTH
43.110240689405565,limit,L00000869,sell,62.0,99.04,T21,,SYNTH
43.14624567436716,market,M00000870,sell,206.0,,TAKER06,,SYNTH
43.1536341785085,limit,L00000871,buy,261.0,98.93,T01,,SYNTH
43.18809580943285,limit,L00000872,sell,444.0,99.03,T22,,SYNTH
43.1887509284585,limit,L00000873,buy,31.0,98.94,T17,,SYNTH
43.221701717678584,limit,L00000874,buy,156.0,98.91,T15,,SYNTH
43.53830134567039,market,M00000875,buy,13.0,,TAKER06,,SYNTH
43.60154369585315,cancel,C00000876,,,,T17,L00000546,SYNTH
43.64473808343766,limit,L00000877,buy,84.0,98.94,T21,,SYNTH
43.7575602022322,limit,L00000878,sell,70.0,99.05,T16,,SYNTH
43.82772866431154,modify,R00000879,,52.0,98.89,T20,L00000519,SYNTH
43.84000812124569,limit,L00000880,buy,114.0,98.95,T18,,SYNTH
43.946183513909595,limit,L00000881,sell,119.0,99.02,T13,,SYNTH
43.97773206538522,limit,L00000882,buy,78.0,98.9,T17,,SYNTH
43.97967224357002,market,M00000883,sell,46.0,,TAKER09,,SYNTH
44.06143854640019,limit,L00000884,sell,209.0,99.0,T18,,SYNTH
44.079918801094415,market,M00000885,buy,57.0,,TAKER11,,SYNTH
44.094238962992144,limit,L00000886,sell,115.0,98.99,T09,,SYNTH
44.127549041327754,limit,L00000887,buy,74.0,98.87,T08,,SYNTH
44.13715984680211,market,M00000888,sell,74.0,,TAKER05,,SYNTH
44.23532313684117,limit,L00000889,buy,92.0,98.9,T11,,SYNTH
44.24275632613917,limit,L00000890,buy,126.0,98.89,T14,,SYNTH
44.27096395895416,market,M00000891,buy,76.0,,TAKER11,,SYNTH
44.393763200029774,limit,L00000892,buy,80.0,98.89,T10,,SYNTH
44.414189465344215,limit,L00000893,buy,291.0,98.93,T13,,SYNTH
44.43953415318449,market,M00000894,buy,90.0,,TAKER09,,SYNTH
44.4530043759844,market,M00000895,sell,33.0,,TAKER05,,SYNTH
44.50280348681686,limit,L00000896,buy,62.0,98.93,T07,,SYNTH
44.55194630288337,limit,L00000897,sell,211.0,99.02,T18,,SYNTH
44.59186000501569,market,M00000898,sell,194.0,,TAKER10,,SYNTH
44.63462191251352,market,M00000899,sell,33.0,,TAKER08,,SYNTH
44.64553474093153,limit,L00000900,sell,128.0,99.0,T08,,SYNTH
44.66013006938849,limit,L00000901,buy,320.0,98.97,T08,,SYNTH
44.67929472955948,market,M00000902,sell,42.0,,TAKER08,,SYNTH
44.73107832517265,limit,L00000903,sell,272.0,99.04,T06,,SYNTH
44.73746089004562,market,M00000904,buy,58.0,,TAKER11,,SYNTH
44.82883722320833,market,M00000905,sell,176.0,,TAKER03,,SYNTH
44.83094006488115,limit,L00000906,buy,129.0,98.9,T08,,SYNTH
44.919085000639015,limit,L00000907,buy,240.0,98.9,T24,,SYNTH
44.92706587757048,limit,L00000908,sell,12.0,98.97,T17,,SYNTH
44.9865102571851,limit,L00000909,sell,94.0,98.96,T02,,SYNTH
44.998164874091025,limit,L00000910,sell,95.0,98.95,T21,,SYNTH
45.00802912995216,market,M00000911,sell,141.0,,TAKER08,,SYNTH
45.20044069500878,limit,L00000912,buy,78.0,98.9,T24,,SYNTH
45.25535911460055,market,M00000913,sell,78.0,,TAKER01,,SYNTH
45.29597198757501,limit,L00000914,buy,332.0,98.87,T12,,SYNTH
45.42537252198215,market,M00000915,buy,222.0,,TAKER08,,SYNTH
45.606479874942494,market,M00000916,sell,30.0,,TAKER05,,SYNTH
45.68668554462326,limit,L00000917,buy,427.0,98.85,T13,,SYNTH
45.73830423322748,limit,L00000918,sell,402.0,98.91,T07,,SYNTH
45.78618307823776,limit,L00000919,buy,7.0,98.82,T05,,SYNTH
45.81727210754335,limit,L00000920,buy,172.0,98.87,T17,,SYNTH
45.848232825086676,market,M00000921,sell,23.0,,TAKER09,,SYNTH
45.85545454476481,limit,L00000922,buy,342.0,98.82,T12,,SYNTH
45.904614629372674,limit,L00000923,buy,193.0,98.88,T18,,SYNTH
45.92920715154749,limit,L00000924,sell,114.0,98.92,T11,,SYNTH
46.18124400619763,market,M00000925,sell,25.0,,TAKER11,,SYNTH
46.2094871945561,limit,L00000926,buy,46.0,98.86,T23,,SYNTH
46.210374926301895,market,M00000927,sell,21.0,,TAKER02,,SYNTH
46.21039637813346,limit,L00000928,buy,242.0,98.9,T07,,SYNTH
46.29855346277627,cancel,C00000929,,,,T21,L00000884,SYNTH
46.4414023994034,market,M00000930,buy,53.0,,TAKER07,,SYNTH
46.4459485648344,limit,L00000931,sell,346.0,98.97,T23,,SYNTH
46.70624729760507,market,M00000932,sell,19.0,,TAKER01,,SYNTH
46.72665962615605,limit,L00000933,buy,143.0,98.88,T09,,SYNTH
46.73118966824603,limit,L00000934,buy,73.0,98.92,T20,,SYNTH
46.79961672733901,limit,L00000935,sell,39.0,98.93,T15,,SYNTH
46.813010205130794,limit,L00000936,buy,262.0,98.81,T09,,SYNTH
46.83884935161013,cancel,C00000937,,,,T05,L00000774,SYNTH
46.86281510506211,limit,L00000938,buy,55.0,98.75,T21,,SYNTH
46.8751205431679,cancel,C00000939,,,,T14,L00000256,SYNTH
46.90213567115129,market,M00000940,buy,219.0,,TAKER01,,SYNTH
46.94546087511383,cancel,C00000941,,,,T01,L00000385,SYNTH
47.066862456651116,market,M00000942,buy,11.0,,TAKER09,,SYNTH
47.06769027444398,limit,L00000943,buy,27.0,99.05,T20,,SYNTH
47.11954867830388,market,M00000944,sell,19.0,,TAKER03,,SYNTH
47.14778591224002,market,M00000945,buy,49.0,,TAKER04,,SYNTH
47.183136124715496,limit,L00000946,buy,176.0,98.98,T02,,SYNTH
47.225028589286865,limit,L00000947,sell,166.0,99.01,T01,,SYNTH
47.26365527786524,market,M00000948,sell,14.0,,TAKER10,,SYNTH
47.31575032671377,limit,L00000949,buy,20.0,98.95,T17,,SYNTH
47.32468710800123,cancel,C00000950,,,,T18,L00000601,SYNTH
47.380103862753394,limit,L00000951,buy,99.0,98.98,T23,,SYNTH
47.410703208815605,limit,L00000952,sell,222.0,99.1,T04,,SYNTH
47.43790263655579,cancel,C00000953,,,,T08,L00000265,SYNTH
47.4786286879721,limit,L00000954,sell,317.0,99.12,T12,,SYNTH
47.4799874428052,market,M00000955,buy,164.0,,TAKER02,,SYNTH
47.49242254981558,limit,L00000956,buy,191.0,99.05,T03,,SYNTH
47.5905027293338,limit,L00000957,sell,174.0,99.21,T12,,SYNTH
47.73293684620848,cancel,C00000958,,,,T08,L00000785,SYNTH
47.8056635923819,limit,L00000959,buy,107.0,99.16,T10,,SYNTH
47.83203954659273,market,M00000960,buy,33.0,,TAKER01,,SYNTH
47.83220091035945,limit,L00000961,buy,144.0,99.18,T11,,SYNTH
47.951282621010996,limit,L00000962,buy,72.0,99.14,T13,,SYNTH
48.03763043852422,limit,L00000963,buy,96.0,99.2,T12,,SYNTH
48.0648845998349,limit,L00000964,buy,126.0,99.23,T17,,SYNTH
48.07555520789654,market,M00000965,buy,101.0,,TAKER07,,SYNTH
48.11141331107605,limit,L00000966,buy,236.0,99.31,T01,,SYNTH
48.184029952303966,market,M00000967,sell,96.0,,TAKER08,,SYNTH
48.261417411267146,market,M00000968,buy,18.0,,TAKER10,,SYNTH
48.34526835496304,limit,L00000969,buy,83.0,99.44,T18,,SYNTH
48.422442869209554,limit,L00000970,buy,48.0,99.34,T10,,SYNTH
48.47837137810657,market,M00000971,buy,36.0,,TAKER08,,SYNTH
48.50044310638665,limit,L00000972,buy,215.0,99.36,T24,,SYNTH
48.506291084319,limit,L00000973,sell,133.0,99.42,T08,,SYNTH
48.61080268845167,limit,L00000974,buy,46.0,99.27,T16,,SYNTH
48.632244533049935,limit,L00000975,sell,162.0,99.4,T11,,SYNTH
48.692449929633014,cancel,C00000976,,,,T05,L00000868,SYNTH
48.73651941293093,limit,L00000977,sell,107.0,99.35,T08,,SYNTH
48.84135318031621,limit,L00000978,sell,96.0,99.35,T08,,SYNTH
48.87319803679263,market,M00000979,sell,78.0,,TAKER10,,SYNTH
48.92914965098135,market,M00000980,buy,108.0,,TAKER02,,SYNTH
48.953441878468,limit,L00000981,sell,248.0,99.44,T19,,SYNTH
49.10718953284422,market,M00000982,sell,116.0,,TAKER07,,SYNTH
49.17361389063165,cancel,C00000983,,,,T14,L00000060,SYNTH
49.17495583057959,limit,L00000984,sell,189.0,99.57,T06,,SYNTH
49.27793063205082,limit,L00000985,sell,285.0,99.58,T06,,SYNTH
49.356962859570125,limit,L00000986,sell,133.0,99.64,T01,,SYNTH
49.38007688332488,limit,L00000987,buy,274.0,99.53,T16,,SYNTH
49.38312220907248,limit,L00000988,buy,323.0,99.58,T21,,SYNTH
49.44762831585707,market,M00000989,sell,12.0,,TAKER09,,SYNTH
49.45391889534159,limit,L00000990,sell,470.0,99.5,T06,,SYNTH
49.63460258158649,market,M00000991,sell,62.0,,TAKER11,,SYNTH
49.67167039010623,limit,L00000992,buy,131.0,99.41,T03,,SYNTH
49.73661688505146,limit,L00000993,buy,126.0,99.4,T12,,SYNTH
49.73675583879606,market,M00000994,sell,17.0,,TAKER10,,SYNTH
49.74850510580393,limit,L00000995,buy,108.0,99.41,T07,,SYNTH
49.78470013444049,limit,L00000996,buy,245.0,99.45,T21,,SYNTH
49.923772605407656,limit,L00000997,buy,186.0,99.41,T07,,SYNTH
49.969922441519124,limit,L00000998,buy,337.0,99.43,T18,,SYNTH
50.12788076725802,limit,L00000999,buy,139.0,99.46,T08,,SYNTH
50.1412362785888,cancel,C00001000,,,,T03,L00000462,SYNTH
50.155347207183695,limit,L00001001,buy,191.0,99.46,T07,,SYNTH
50.26346729915638,limit,L00001002,sell,249.0,99.5,T22,,SYNTH
50.29511427296852,market,M00001003,sell,191.0,,TAKER05,,SYNTH
50.36246007472878,limit,L00001004,sell,173.0,99.53,T19,,SYNTH
50.382183324740254,limit,L00001005,buy,58.0,99.35,T11,,SYNTH
50.39886520141152,limit,L00001006,buy,48.0,99.44,T05,,SYNTH
50.451539868869105,limit,L00001007,buy,14.0,99.39,T03,,SYNTH
50.46155424944304,limit,L00001008,sell,56.0,99.4,T17,,SYNTH
50.486242893879215,limit,L00001009,buy,35.0,99.31,T19,,SYNTH
50.51573039619505,limit,L00001010,sell,147.0,99.39,T18,,SYNTH
50.5291473241659,limit,L00001011,sell,27.0,99.42,T08,,SYNTH
50.54339097012261,limit,L00001012,buy,16.0,99.35,T04,,SYNTH
50.58609261836072,limit,L00001013,buy,13.0,99.35,T14,,SYNTH
50.60118770114531,market,M00001014,sell,21.0,,TAKER08,,SYNTH
50.60433928061837,limit,L00001015,buy,17.0,99.42,T16,,SYNTH
50.63678647165303,limit,L00001016,buy,20.0,99.36,T12,,SYNTH
50.7131290619193,market,M00001017,buy,48.0,,TAKER01,,SYNTH
50.948749008232014,cancel,C00001018,,,,T15,L00000832,SYNTH
50.98740116481799,limit,L00001019,sell,31.0,99.43,T19,,SYNTH
51.00375073336865,cancel,C00001020,,,,T01,L00000789,SYNTH
51.09165159731755,market,M00001021,buy,190.0,,TAKER01,,SYNTH
51.20467281602548,market,M00001022,buy,30.0,,TAKER03,,SYNTH
51.38328121693185,limit,L00001023,buy,28.0,99.33,T08,,SYNTH
51.40824685051342,market,M00001024,buy,9.0,,TAKER10,,SYNTH
51.44894532921277,limit,L00001025,sell,38.0,99.37,T21,,SYNTH
51.45130324213203,limit,L00001026,buy,89.0,99.35,T18,,SYNTH
51.45402564204489,market,M00001027,buy,72.0,,TAKER01,,SYNTH
51.51045068405302,limit,L00001028,buy,63.0,99.25,T03,,SYNTH
51.53887560913051,limit,L00001029,buy,93.0,99.32,T17,,SYNTH
51.56503176131967,limit,L00001030,buy,63.0,99.3,T05,,SYNTH
51.592836496223754,limit,L00001031,sell,106.0,99.36,T20,,SYNTH
51.636098835657926,market,M00001032,sell,169.0,,TAKER05,,SYNTH
51.63719365554152,market,M00001033,buy,50.0,,TAKER11,,SYNTH
51.6800819268198,limit,L00001034,sell,12.0,99.3,T18,,SYNTH
51.699715729318875,limit,L00001035,buy,36.0,99.19,T17,,SYNTH
51.735434757568754,market,M00001036,sell,65.0,,TAKER10,,SYNTH
51.74412981203433,limit,L00001037,sell,80.0,99.28,T13,,SYNTH
51.99806193044851,limit,L00001038,sell,39.0,99.24,T10,,SYNTH
52.018701011233425,limit,L00001039,sell,31.0,99.26,T24,,SYNTH
52.02345751384613,limit,L00001040,buy,139.0,99.28,T17,,SYNTH
52.06291411135714,market,M00001041,sell,49.0,,TAKER05,,SYNTH
52.0706662615507,market,M00001042,sell,41.0,,TAKER01,,SYNTH
52.07142541266102,cancel,C00001043,,,,T08,L00000878,SYNTH
52.084990268158066,limit,L00001044,buy,91.0,99.26,T17,,SYNTH
52.17948448378667,limit,L00001045,sell,11.0,99.34,T01,,SYNTH
52.261351022713164,limit,L00001046,sell,262.0,99.36,T14,,SYNTH
52.29611446393864,limit,L00001047,sell,70.0,99.31,T16,,SYNTH
52.311908810332426,market,M00001048,buy,128.0,,TAKER03,,SYNTH
52.33420855550756,limit,L00001049,buy,121.0,99.23,T03,,SYNTH
52.40174202524802,limit,L00001050,buy,313.0,99.16,T15,,SYNTH
52.46499178849707,market,M00001051,sell,112.0,,TAKER04,,SYNTH
52.47333800806243,limit,L00001052,sell,25.0,99.22,T10,,SYNTH
52.480961766434035,cancel,C00001053,,,,T19,L00000908,SYNTH
52.560469889804125,limit,L00001054,sell,84.0,99.24,T02,,SYNTH
52.5846818537094,limit,L00001055,sell,78.0,99.2,T08,,SYNTH
52.731300174581456,limit,L00001056,sell,245.0,99.15,T11,,SYNTH
52.744728877744635,cancel,C00001057,,,,T12,L00000816,SYNTH
52.77956418812183,market,M00001058,sell,13.0,,TAKER03,,SYNTH
52.82658599933266,market,M00001059,buy,52.0,,TAKER05,,SYNTH
52.92189358764724,limit,L00001060,sell,35.0,99.31,T11,,SYNTH
53.03791742188382,market,M00001061,sell,75.0,,TAKER02,,SYNTH
53.052775458087574,limit,L00001062,sell,57.0,99.27,T12,,SYNTH
53.26835874105199,limit,L00001063,sell,186.0,99.25,T06,,SYNTH
53.43347820104109,market,M00001064,buy,94.0,,TAKER09,,SYNTH
53.47939252821234,market,M00001065,buy,188.0,,TAKER09,,SYNTH
53.48063864683395,limit,L00001066,buy,218.0,99.09,T03,,SYNTH
53.66914580317307,limit,L00001067,sell,221.0,99.23,T10,,SYNTH
53.77623459432679,market,M00001068,sell,18.0,,TAKER07,,SYNTH
53.81946224941555,market,M00001069,buy,14.0,,TAKER02,,SYNTH
53.842023839907434,market,M00001070,buy,106.0,,TAKER08,,SYNTH
53.87570623432681,cancel,C00001071,,,,T23,L00000635,SYNTH
53.951303979062345,market,M00001072,buy,36.0,,TAKER03,,SYNTH
54.06239849450286,limit,L00001073,buy,326.0,99.18,T04,,SYNTH
54.080104456412315,limit,L00001074,sell,208.0,99.19,T14,,SYNTH
54.09434929984473,limit,L00001075,buy,139.0,99.04,T11,,SYNTH
54.132350878160096,limit,L00001076,buy,148.0,98.99,T18,,SYNTH
54.15399666255995,limit,L00001077,sell,94.0,99.07,T10,,SYNTH
54.264471005777516,limit,L00001078,buy,97.0,98.93,T09,,SYNTH
54.28091703017356,limit,L00001079,sell,72.0,99.03,T17,,SYNTH
54.338934311827856,limit,L00001080,sell,153.0,98.98,T04,,SYNTH
54.43963760318325,market,M00001081,sell,93.0,,TAKER05,,SYNTH
54.56508259613308,limit,L00001082,sell,78.0,99.03,T24,,SYNTH
54.58055887394837,limit,L00001083,sell,116.0,99.08,T13,,SYNTH
54.62242438081553,market,M00001084,buy,41.0,,TAKER07,,SYNTH
54.75900646684135,limit,L00001085,sell,63.0,99.09,T12,,SYNTH
54.8635497603393,limit,L00001086,sell,38.0,99.03,T06,,SYNTH
54.91416707545791,limit,L00001087,buy,96.0,98.98,T05,,SYNTH
54.92847462202344,limit,L00001088,sell,65.0,99.13,T19,,SYNTH
55.011097204402304,market,M00001089,sell,27.0,,TAKER05,,SYNTH
55.09102752043701,limit,L00001090,sell,177.0,99.04,T03,,SYNTH
55.10423750614763,market,M00001091,sell,39.0,,TAKER06,,SYNTH
55.11451161251198,limit,L00001092,sell,44.0,99.05,T06,,SYNTH
55.11655681790276,market,M00001093,sell,181.0,,TAKER11,,SYNTH
55.160368197439766,market,M00001094,buy,52.0,,TAKER11,,SYNTH
55.248547451440345,limit,L00001095,sell,30.0,98.99,T04,,SYNTH
55.292154639283034,limit,L00001096,sell,116.0,98.99,T14,,SYNTH
55.298180491322555,limit,L00001097,sell,91.0,99.0,T23,,SYNTH
55.32443801611792,limit,L00001098,buy,29.0,98.88,T03,,SYNTH
55.33027048082971,cancel,C00001099,,,,T12,L00000384,SYNTH
55.478145432647125,limit,L00001100,sell,294.0,98.96,T24,,SYNTH
55.5292137325631,limit,L00001101,sell,183.0,98.98,T04,,SYNTH
55.592809994140275,limit,L00001102,sell,57.0,98.95,T13,,SYNTH
55.60885597607276,limit,L00001103,sell,73.0,98.99,T20,,SYNTH
55.632475075122365,limit,L00001104,buy,62.0,98.86,T04,,SYNTH
55.63757167155239,market,M00001105,sell,166.0,,TAKER03,,SYNTH
55.727422951523195,limit,L00001106,sell,345.0,98.98,T06,,SYNTH
55.73181019325138,market,M00001107,buy,79.0,,TAKER02,,SYNTH
55.86076010015438,cancel,C00001108,,,,T17,L00000317,SYNTH
55.92382924467268,limit,L00001109,buy,185.0,98.94,T15,,SYNTH
55.95979380825352,limit,L00001110,sell,39.0,98.97,T09,,SYNTH
56.15463467206167,limit,L00001111,sell,206.0,99.02,T14,,SYNTH
56.15918126143031,market,M00001112,buy,258.0,,TAKER01,,SYNTH
56.16761505557299,market,M00001113,buy,17.0,,TAKER06,,SYNTH
56.23495124364795,market,M00001114,sell,57.0,,TAKER06,,SYNTH
56.288373632832425,limit,L00001115,sell,48.0,98.93,T14,,SYNTH
56.372876558767395,limit,L00001116,sell,153.0,98.99,T23,,SYNTH
56.37733868528703,limit,L00001117,sell,38.0,98.98,T04,,SYNTH
56.55904151378359,limit,L00001118,sell,43.0,98.98,T04,,SYNTH
56.56233445784539,market,M00001119,buy,42.0,,TAKER05,,SYNTH
56.767850146097615,limit,L00001120,buy,163.0,98.92,T15,,SYNTH
56.7686895638146,limit,L00001121,sell,48.0,99.03,T07,,SYNTH
56.79979796120403,limit,L00001122,sell,57.0,98.98,T16,,SYNTH
56.83474262452139,limit,L00001123,sell,92.0,98.97,T01,,SYNTH
56.9004905128096,cancel,C00001124,,,,T10,L00000917,SYNTH
56.901600270904545,limit,L00001125,buy,136.0,98.89,T01,,SYNTH
56.943870008989926,market,M00001126,sell,136.0,,TAKER09,,SYNTH
57.00016253185949,limit,L00001127,buy,106.0,98.91,T16,,SYNTH
57.007097784112126,limit,L00001128,sell,150.0,98.93,T06,,SYNTH
57.188959900259555,limit,L00001129,buy,123.0,98.88,T15,,SYNTH
57.194754500451545,market,M00001130,sell,20.0,,TAKER06,,SYNTH
57.216556670084515,limit,L00001131,sell,217.0,99.0,T09,,SYNTH
57.21925265625594,cancel,C00001132,,,,T13,L00000829,SYNTH
57.27863232770734,limit,L00001133,sell,290.0,99.01,T13,,SYNTH
57.31880823090367,limit,L00001134,buy,416.0,98.94,T21,,SYNTH
57.34088369716302,market,M00001135,sell,75.0,,TAKER01,,SYNTH
57.35281579252366,limit,L00001136,buy,252.0,98.93,T09,,SYNTH
57.42464676039884,limit,L00001137,sell,220.0,98.98,T08,,SYNTH
57.43541090904039,limit,L00001138,sell,34.0,99.01,T04,,SYNTH
57.468905015266216,market,M00001139,buy,114.0,,TAKER10,,SYNTH
57.52309123709595,limit,L00001140,sell,165.0,99.03,T13,,SYNTH
57.56294817480055,cancel,C00001141,,,,T06,L00000133,SYNTH
57.571352334231086,limit,L00001142,sell,251.0,99.05,T19,,SYNTH
57.58154633534447,limit,L00001143,buy,190.0,98.93,T14,,SYNTH
57.62149249238752,limit,L00001144,buy,201.0,98.96,T24,,SYNTH
57.644177495266256,limit,L00001145,sell,222.0,99.0,T22,,SYNTH
57.68900363506104,market,M00001146,buy,16.0,,TAKER03,,SYNTH
57.81392958025966,modify,R00001147,,15.0,98.94,T20,L00000038,SYNTH
57.86499370891644,limit,L00001148,sell,160.0,99.06,T11,,SYNTH
57.86707659628891,market,M00001149,sell,16.0,,TAKER05,,SYNTH
57.875846666612034,limit,L00001150,buy,404.0,98.92,T01,,SYNTH
57.90567830769535,limit,L00001151,sell,304.0,99.01,T08,,SYNTH
57.916101286970786,limit,L00001152,buy,20.0,98.93,T12,,SYNTH
57.92812033808691,cancel,C00001153,,,,T05,L00000377,SYNTH
58.05084084812144,cancel,C00001154,,,,T03,L00001060,SYNTH
58.113650657905225,limit,L00001155,buy,22.0,98.9,T08,,SYNTH
58.11937215479256,limit,L00001156,sell,41.0,99.0,T19,,SYNTH
58.2667132440654,limit,L00001157,buy,84.0,98.94,T15,,SYNTH
58.304329282058134,limit,L00001158,sell,56.0,99.04,T01,,SYNTH
58.33923796111995,cancel,C00001159,,,,T03,L00000506,SYNTH
58.3648674996848,cancel,C00001160,,,,T04,L00000610,SYNTH
58.37188663594696,limit,L00001161,sell,25.0,99.02,T14,,SYNTH
58.43459876273564,cancel,C00001162,,,,T04,L00000251,SYNTH
58.46289641932382,market,M00001163,sell,29.0,,TAKER08,,SYNTH
58.501524129007876,limit,L00001164,sell,352.0,99.04,T06,,SYNTH
58.544002474562255,cancel,C00001165,,,,T21,L00000615,SYNTH
58.569106109907956,limit,L00001166,sell,125.0,99.02,T11,,SYNTH
58.605886639659396,limit,L00001167,buy,88.0,98.96,T04,,SYNTH
58.68886477896974,limit,L00001168,buy,180.0,98.94,T21,,SYNTH
58.75029269455739,market,M00001169,buy,16.0,,TAKER08,,SYNTH
58.78908327375439,limit,L00001170,sell,98.0,99.08,T22,,SYNTH
58.81087467539546,market,M00001171,buy,45.0,,TAKER04,,SYNTH
59.04535365983187,cancel,C00001172,,,,T04,L00000495,SYNTH
59.06492739658967,market,M00001173,buy,14.0,,TAKER02,,SYNTH
59.080971963879435,limit,L00001174,buy,306.0,98.92,T02,,SYNTH
59.09955741675726,limit,L00001175,buy,150.0,98.96,T12,,SYNTH
59.10037561249184,market,M00001176,sell,46.0,,TAKER08,,SYNTH
59.156592239328916,limit,L00001177,sell,84.0,99.02,T01,,SYNTH
59.18700996438834,market,M00001178,buy,119.0,,TAKER07,,SYNTH
59.254515818247484,limit,L00001179,sell,427.0,98.94,T02,,SYNTH
59.29236637137982,market,M00001180,buy,128.0,,TAKER08,,SYNTH
59.29980004165739,market,M00001181,buy,125.0,,TAKER09,,SYNTH
59.445676202569366,market,M00001182,buy,52.0,,TAKER01,,SYNTH
59.48372082172358,limit,L00001183,sell,81.0,98.91,T06,,SYNTH
59.50619249230871,market,M00001184,sell,20.0,,TAKER05,,SYNTH
59.52581057192116,market,M00001185,sell,8.0,,TAKER03,,SYNTH
59.57016789836355,limit,L00001186,sell,299.0,98.99,T04,,SYNTH
59.664193236883214,limit,L00001187,sell,11.0,98.98,T14,,SYNTH
59.73824383751931,limit,L00001188,sell,254.0,98.97,T03,,SYNTH
59.73976184491128,market,M00001189,sell,88.0,,TAKER05,,SYNTH
59.75267869437708,limit,L00001190,sell,142.0,98.97,T10,,SYNTH
59.76627226326354,limit,L00001191,sell,310.0,98.9,T13,,SYNTH
59.79982007836015,limit,L00001192,sell,19.0,98.93,T24,,SYNTH
59.86036062969092,limit,L00001193,buy,69.0,98.79,T06,,SYNTH
59.936527242477325,market,M00001194,sell,44.0,,TAKER06,,SYNTH
60.046088049937225,limit,L00001195,sell,220.0,98.85,T24,,SYNTH
60.04700758464865,limit,L00001196,sell,180.0,98.92,T13,,SYNTH
60.07782460560256,limit,L00001197,sell,172.0,98.88,T13,,SYNTH
60.17150379470508,limit,L00001198,sell,185.0,98.88,T17,,SYNTH
60.42575189429998,limit,L00001199,buy,99.0,98.65,T24,,SYNTH
60.44547250452998,limit,L00001200,sell,209.0,98.76,T24,,SYNTH
60.44756102188526,limit,L00001201,sell,128.0,98.71,T15,,SYNTH
60.633357952095785,limit,L00001202,sell,71.0,98.64,T12,,SYNTH
60.651923658344685,limit,L00001203,buy,34.0,98.66,T24,,SYNTH
60.65470388842165,limit,L00001204,buy,87.0,98.56,T22,,SYNTH
60.66956951070452,limit,L00001205,sell,140.0,98.72,T24,,SYNTH
60.71484803242099,limit,L00001206,buy,30.0,98.58,T07,,SYNTH
60.76034877313394,limit,L00001207,sell,115.0,98.75,T05,,SYNTH
60.76311067897417,limit,L00001208,sell,6.0,98.71,T02,,SYNTH
60.77500229601814,market,M00001209,sell,138.0,,TAKER09,,SYNTH
60.92436358038218,market,M00001210,sell,60.0,,TAKER08,,SYNTH
60.93594413938222,limit,L00001211,buy,70.0,98.5,T17,,SYNTH
60.9819490564919,limit,L00001212,sell,204.0,98.55,T08,,SYNTH
61.046420063726565,limit,L00001213,sell,77.0,98.59,T06,,SYNTH
61.064267047198605,cancel,C00001214,,,,T06,L00000229,SYNTH
61.08547511780968,limit,L00001215,sell,74.0,98.64,T17,,SYNTH
61.124587751806416,limit,L00001216,sell,60.0,98.64,T02,,SYNTH
61.1782839863265,limit,L00001217,sell,329.0,98.68,T05,,SYNTH
61.465347382455626,market,M00001218,sell,98.0,,TAKER05,,SYNTH
61.50522819339649,limit,L00001219,sell,271.0,98.63,T04,,SYNTH
61.57931331780206,limit,L00001220,sell,167.0,98.61,T02,,SYNTH
61.59721854905436,market,M00001221,sell,140.0,,TAKER06,,SYNTH
61.64364308724679,limit,L00001222,buy,136.0,98.54,T22,,SYNTH
61.71265880438688,limit,L00001223,sell,184.0,98.57,T11,,SYNTH
61.7821993021965,limit,L00001224,sell,84.0,98.54,T04,,SYNTH
61.872520956534174,limit,L00001225,sell,221.0,98.6,T08,,SYNTH
61.946945120329254,market,M00001226,sell,49.0,,TAKER06,,SYNTH
61.976228296271906,market,M00001227,buy,71.0,,TAKER08,,SYNTH
62.020504178193484,limit,L00001228,sell,230.0,98.6,T15,,SYNTH
62.0787522042325,market,M00001229,buy,105.0,,TAKER02,,SYNTH
62.18207844190016,market,M00001230,sell,34.0,,TAKER06,,SYNTH
62.204428379888476,market,M00001231,sell,75.0,,TAKER08,,SYNTH
62.354794178719935,market,M00001232,sell,79.0,,TAKER03,,SYNTH
62.3720824300345,limit,L00001233,sell,98.0,98.46,T16,,SYNTH
62.41007024204124,limit,L00001234,buy,186.0,98.37,T19,,SYNTH
62.41512900630302,market,M00001235,sell,134.0,,TAKER02,,SYNTH
62.55829787092552,limit,L00001236,buy,166.0,98.39,T01,,SYNTH
62.61761160220132,market,M00001237,sell,54.0,,TAKER08,,SYNTH
62.727301204485435,market,M00001238,buy,113.0,,TAKER06,,SYNTH
62.776180160414086,market,M00001239,buy,9.0,,TAKER06,,SYNTH
62.807393120045994,market,M00001240,sell,86.0,,TAKER03,,SYNTH
62.837082292792026,market,M00001241,sell,43.0,,TAKER05,,SYNTH
63.007579774417,market,M00001242,sell,54.0,,TAKER10,,SYNTH
63.02345921718514,limit,L00001243,buy,26.0,98.49,T02,,SYNTH
63.031034820890795,limit,L00001244,sell,29.0,98.53,T16,,SYNTH
63.091989183379056,limit,L00001245,buy,58.0,98.47,T24,,SYNTH
63.09711162899526,market,M00001246,sell,41.0,,TAKER11,,SYNTH
63.102608669940636,limit,L00001247,sell,160.0,98.57,T02,,SYNTH
63.10652594528016,market,M00001248,buy,166.0,,TAKER08,,SYNTH
63.11069642697445,limit,L00001249,sell,23.0,98.64,T06,,SYNTH
63.19095913205591,market,M00001250,sell,50.0,,TAKER04,,SYNTH
63.24817541015759,limit,L00001251,sell,51.0,98.59,T13,,SYNTH
63.276448387629785,market,M00001252,buy,74.0,,TAKER03,,SYNTH
63.30255212036993,limit,L00001253,sell,129.0,98.75,T07,,SYNTH
63.34842589119843,limit,L00001254,sell,52.0,98.74,T03,,SYNTH
63.52366724864549,limit,L00001255,sell,104.0,98.76,T20,,SYNTH
63.560957008248714,limit,L00001256,sell,25.0,98.74,T15,,SYNTH
63.631249705607864,limit,L00001257,buy,68.0,98.69,T14,,SYNTH
63.64718952717792,limit,L00001258,sell,30.0,98.85,T03,,SYNTH
63.81107873922901,limit,L00001259,sell,25.0,98.83,T23,,SYNTH
63.90276506681411,limit,L00001260,sell,70.0,98.84,T19,,SYNTH
63.935367954164086,limit,L00001261,buy,23.0,98.74,T24,,SYNTH
63.950262073293565,limit,L00001262,sell,60.0,98.89,T22,,SYNTH
63.99203373461955,limit,L00001263,sell,29.0,98.91,T09,,SYNTH
64.01940566082078,limit,L00001264,sell,170.0,98.87,T22,,SYNTH
64.04333774323703,market,M00001265,sell,53.0,,TAKER03,,SYNTH
64.05127743019517,market,M00001266,buy,46.0,,TAKER09,,SYNTH
64.1105141330145,cancel,C00001267,,,,T14,L00000356,SYNTH
64.15399650446363,cancel,C00001268,,,,T24,L00000901,SYNTH
64.20202844974838,limit,L00001269,sell,40.0,98.75,T23,,SYNTH
64.28892889161924,limit,L00001270,sell,8.0,98.77,T21,,SYNTH
64.38666704762682,limit,L00001271,sell,44.0,98.74,T09,,SYNTH
64.39572408356054,limit,L00001272,sell,26.0,98.7,T07,,SYNTH
64.49591845900386,limit,L00001273,buy,49.0,98.65,T22,,SYNTH
64.51094030794792,cancel,C00001274,,,,T08,L00000598,SYNTH
64.51635474125193,market,M00001275,sell,35.0,,TAKER02,,SYNTH
64.57961368745828,market,M00001276,buy,38.0,,TAKER04,,SYNTH
64.58693746611749,limit,L00001277,sell,14.0,98.7,T17,,SYNTH
64.59541846374545,limit,L00001278,sell,12.0,98.71,T13,,SYNTH
64.65027942513768,market,M00001279,sell,71.0,,TAKER04,,SYNTH
64.658370789847,limit,L00001280,buy,26.0,98.45,T07,,SYNTH
64.68767707286956,limit,L00001281,sell,28.0,98.6,T03,,SYNTH
64.7131572343686,limit,L00001282,buy,30.0,98.54,T03,,SYNTH
64.72041865927821,cancel,C00001283,,,,T22,L00000333,SYNTH
64.76255496168298,cancel,C00001284,,,,T20,L00000773,SYNTH
64.85312108117016,market,M00001285,buy,100.0,,TAKER10,,SYNTH
64.99646179467116,limit,L00001286,sell,31.0,98.57,T06,,SYNTH
65.01679018887614,limit,L00001287,buy,55.0,98.5,T09,,SYNTH
65.10422853013758,limit,L00001288,buy,143.0,98.5,T04,,SYNTH
65.11167971562013,limit,L00001289,buy,5.0,98.45,T16,,SYNTH
65.16509564567485,limit,L00001290,buy,43.0,98.51,T22,,SYNTH
65.22929455661429,limit,L00001291,buy,34.0,98.49,T06,,SYNTH
65.31060489613552,market,M00001292,buy,210.0,,TAKER11,,SYNTH
65.37623910361567,limit,L00001293,buy,36.0,98.47,T04,,SYNTH
65.39983496425921,market,M00001294,buy,222.0,,TAKER06,,SYNTH
65.4397352911488,limit,L00001295,buy,44.0,98.47,T14,,SYNTH
65.46460080455851,limit,L00001296,sell,52.0,98.56,T05,,SYNTH
65.48167960606267,limit,L00001297,buy,92.0,98.45,T08,,SYNTH
65.49380572682549,cancel,C00001298,,,,T11,L00001200,SYNTH
65.52996562659686,limit,L00001299,buy,107.0,98.48,T21,,SYNTH
65.68672340050301,market,M00001300,sell,77.0,,TAKER06,,SYNTH
65.71831843666313,limit,L00001301,buy,89.0,98.48,T05,,SYNTH
65.77735545257816,limit,L00001302,buy,235.0,98.47,T05,,SYNTH
65.81133292702708,cancel,C00001303,,,,T16,L00000512,SYNTH
65.8571227348462,limit,L00001304,buy,140.0,98.44,T06,,SYNTH
65.90475814535166,limit,L00001305,sell,151.0,98.57,T11,,SYNTH
65.93397401494722,limit,L00001306,buy,146.0,98.47,T23,,SYNTH
65.98561227572202,cancel,C00001307,,,,T05,L00000695,SYNTH
66.00109107854594,limit,L00001308,buy,31.0,98.48,T24,,SYNTH
66.13569698136833,limit,L00001309,buy,52.0,98.47,T12,,SYNTH
66.1567183865875,limit,L00001310,buy,14.0,98.47,T11,,SYNTH
66.33979237483385,cancel,C00001311,,,,T19,L00001263,SYNTH
66.3575162937896,market,M00001312,buy,13.0,,TAKER01,,SYNTH
66.36405422232362,market,M00001313,sell,67.0,,TAKER03,,SYNTH
66.42963785790602,limit,L00001314,sell,146.0,98.58,T02,,SYNTH
66.44037059423682,market,M00001315,buy,36.0,,TAKER08,,SYNTH
66.45510613403837,limit,L00001316,buy,51.0,98.47,T10,,SYNTH
66.4606652567859,market,M00001317,buy,90.0,,TAKER04,,SYNTH
66.47735845168864,limit,L00001318,sell,90.0,98.54,T21,,SYNTH
66.51077299831616,market,M00001319,buy,66.0,,TAKER08,,SYNTH
66.59921369653159,limit,L00001320,buy,117.0,98.45,T21,,SYNTH
66.67333272415895,limit,L00001321,buy,44.0,98.51,T23,,SYNTH
66.80063820919658,limit,L00001322,sell,162.0,98.53,T07,,SYNTH
66.85194254367117,cancel,C00001323,,,,T06,L00000766,SYNTH
66.90980342840663,modify,R00001324,,47.0,98.46,T17,L00001228,SYNTH
66.9391529429028,market,M00001325,buy,47.0,,TAKER04,,SYNTH
66.99000935508374,limit,L00001326,buy,268.0,98.46,T02,,SYNTH
67.0031354316268,market,M00001327,sell,32.0,,TAKER04,,SYNTH
67.05289526112375,limit,L00001328,buy,109.0,98.49,T01,,SYNTH
67.11376268918139,cancel,C00001329,,,,T07,L00001156,SYNTH
67.18921776627988,limit,L00001330,buy,75.0,98.5,T18,,SYNTH
67.19743374256983,cancel,C00001331,,,,T13,L00001008,SYNTH
67.2049368153475,limit,L00001332,buy,171.0,98.45,T21,,SYNTH
67.31948052750066,limit,L00001333,buy,176.0,98.52,T08,,SYNTH
67.35925186672893,market,M00001334,buy,9.0,,TAKER10,,SYNTH
67.36681569563156,limit,L00001335,buy,69.0,98.54,T10,,SYNTH
67.37308604860279,limit,L00001336,sell,126.0,98.63,T09,,SYNTH
67.39691565233925,market,M00001337,sell,38.0,,TAKER11,,SYNTH
67.40792970645049,limit,L00001338,buy,52.0,98.46,T04,,SYNTH
67.5759913986619,limit,L00001339,buy,12.0,98.45,T05,,SYNTH
67.69184018157245,limit,L00001340,buy,40.0,98.5,T19,,SYNTH
67.75797694237333,market,M00001341,sell,25.0,,TAKER03,,SYNTH
67.8122778436322,limit,L00001342,sell,137.0,98.56,T17,,SYNTH
67.89021377690932,limit,L00001343,buy,194.0,98.53,T01,,SYNTH
67.96185765184597,limit,L00001344,buy,223.0,98.45,T02,,SYNTH
67.97071233256318,limit,L00001345,sell,246.0,98.55,T24,,SYNTH
68.00150587962159,limit,L00001346,buy,261.0,98.49,T19,,SYNTH
68.08149311173823,market,M00001347,sell,30.0,,TAKER08,,SYNTH
68.19193434658919,limit,L00001348,buy,88.0,98.42,T02,,SYNTH
68.20002903567621,cancel,C00001349,,,,T03,L00000817,SYNTH
68.23975708636351,market,M00001350,buy,24.0,,TAKER10,,SYNTH
68.24908440006162,limit,L00001351,buy,164.0,98.37,T01,,SYNTH
68.3186933070687,limit,L00001352,sell,193.0,98.47,T18,,SYNTH
68.36037422999739,limit,L00001353,buy,142.0,98.41,T15,,SYNTH
68.43737330608283,limit,L00001354,buy,145.0,98.42,T18,,SYNTH
68.4689279647311,limit,L00001355,sell,138.0,98.52,T16,,SYNTH
68.60683967854577,limit,L00001356,sell,75.0,98.52,T09,,SYNTH
68.61414977937517,market,M00001357,buy,171.0,,TAKER06,,SYNTH
68.81224228989198,cancel,C00001358,,,,T12,L00001188,SYNTH
68.86910327638455,limit,L00001359,buy,79.0,98.39,T02,,SYNTH
68.88944723048711,limit,L00001360,buy,103.0,98.43,T05,,SYNTH
68.90355321856148,limit,L00001361,sell,173.0,98.56,T23,,SYNTH
68.94505741274838,limit,L00001362,sell,107.0,98.59,T05,,SYNTH
68.96134522883605,limit,L00001363,buy,25.0,98.47,T14,,SYNTH
69.05755820135013,limit,L00001364,buy,71.0,98.48,T09,,SYNTH
69.06585857093852,limit,L00001365,buy,53.0,98.53,T10,,SYNTH
69.07693090950008,cancel,C00001366,,,,T08,L00001077,SYNTH
69.12456785379909,limit,L00001367,buy,105.0,98.54,T04,,SYNTH
69.13955491436954,limit,L00001368,buy,117.0,98.49,T11,,SYNTH
69.30250901046273,cancel,C00001369,,,,T21,L00000297,SYNTH
69.35957097061859,market,M00001370,sell,246.0,,TAKER08,,SYNTH
69.38825132516905,limit,L00001371,buy,46.0,98.43,T02,,SYNTH
69.59811926731763,market,M00001372,sell,59.0,,TAKER10,,SYNTH
69.64048061629308,limit,L00001373,buy,161.0,98.44,T05,,SYNTH
69.65200764845278,limit,L00001374,buy,122.0,98.46,T24,,SYNTH
69.67716622961937,limit,L00001375,buy,45.0,98.46,T19,,SYNTH
69.70710893939508,market,M00001376,buy,184.0,,TAKER01,,SYNTH
69.72469120291746,cancel,C00001377,,,,T17,L00000505,SYNTH
69.76776169653628,limit,L00001378,buy,72.0,98.48,T22,,SYNTH
69.86938552629698,market,M00001379,buy,37.0,,TAKER08,,SYNTH
69.955269785443,modify,R00001380,,154.0,98.55,T10,L00000724,SYNTH
70.03829985891592,limit,L00001381,sell,140.0,98.63,T08,,SYNTH
70.19469467834425,limit,L00001382,buy,167.0,98.48,T13,,SYNTH
70.207831055331,limit,L00001383,buy,166.0,98.51,T09,,SYNTH
70.28305889269024,limit,L00001384,buy,293.0,98.49,T08,,SYNTH
70.29643619046345,market,M00001385,buy,58.0,,TAKER01,,SYNTH
70.30135346646942,cancel,C00001386,,,,T10,L00001343,SYNTH
70.37148582803235,limit,L00001387,sell,191.0,98.45,T11,,SYNTH
70.37673040543274,limit,L00001388,buy,42.0,98.4,T14,,SYNTH
70.43063090610278,limit,L00001389,sell,118.0,98.43,T17,,SYNTH
70.51512826404709,limit,L00001390,buy,190.0,98.4,T08,,SYNTH
70.55207509830831,limit,L00001391,buy,129.0,98.42,T11,,SYNTH
70.56384509533244,limit,L00001392,buy,212.0,98.47,T11,,SYNTH
70.5915785492822,limit,L00001393,sell,119.0,98.59,T09,,SYNTH
70.60231845053094,market,M00001394,buy,19.0,,TAKER01,,SYNTH
70.61576576960428,limit,L00001395,buy,150.0,98.51,T17,,SYNTH
70.67547492412949,limit,L00001396,buy,231.0,98.5,T22,,SYNTH
70.7343902230925,market,M00001397,buy,258.0,,TAKER03,,SYNTH
70.80616463481869,limit,L00001398,buy,327.0,98.51,T18,,SYNTH
70.87993323219611,market,M00001399,buy,45.0,,TAKER03,,SYNTH
70.89929396043618,limit,L00001400,buy,74.0,98.45,T01,,SYNTH
70.96279004964991,limit,L00001401,buy,81.0,98.51,T16,,SYNTH
70.97616820723258,limit,L00001402,buy,50.0,98.5,T19,,SYNTH
70.99256096270516,limit,L00001403,buy,80.0,98.53,T08,,SYNTH
70.99862498317701,limit,L00001404,buy,16.0,98.51,T09,,SYNTH
71.00777393055228,limit,L00001405,buy,104.0,98.53,T01,,SYNTH
71.04325776479278,cancel,C00001406,,,,T22,L00001155,SYNTH
71.08749925855572,limit,L00001407,sell,60.0,98.61,T13,,SYNTH
71.10319405387914,limit,L00001408,buy,112.0,98.54,T04,,SYNTH
71.10576214448133,market,M00001409,buy,115.0,,TAKER07,,SYNTH
71.10951873298094,limit,L00001410,buy,125.0,98.57,T12,,SYNTH
71.16802238866711,market,M00001411,sell,80.0,,TAKER02,,SYNTH
71.16915248143822,limit,L00001412,buy,114.0,98.6,T14,,SYNTH
71.21198378071311,market,M00001413,buy,52.0,,TAKER11,,SYNTH
71.26194075641696,limit,L00001414,sell,119.0,98.62,T24,,SYNTH
71.30870420795398,limit,L00001415,buy,32.0,98.57,T20,,SYNTH
71.42783502343607,limit,L00001416,buy,230.0,98.49,T21,,SYNTH
71.44851123845534,limit,L00001417,buy,86.0,98.5,T04,,SYNTH
71.4526617827055,limit,L00001418,sell,190.0,98.57,T23,,SYNTH
71.46336928501434,limit,L00001419,buy,214.0,98.56,T16,,SYNTH
71.56844495423734,limit,L00001420,buy,173.0,98.47,T15,,SYNTH
71.69613213685922,cancel,C00001421,,,,T19,L00001410,SYNTH
71.73601894418378,market,M00001422,buy,75.0,,TAKER01,,SYNTH
71.75101868379659,limit,L00001423,buy,51.0,98.41,T13,,SYNTH
71.76486346013405,limit,L00001424,buy,249.0,98.42,T22,,SYNTH
71.77757813324112,cancel,C00001425,,,,T22,L00000164,SYNTH
71.81655448161811,market,M00001426,sell,98.0,,TAKER08,,SYNTH
71.92011576944269,limit,L00001427,buy,117.0,98.41,T08,,SYNTH
71.92054990377518,limit,L00001428,sell,164.0,98.55,T03,,SYNTH
71.99480157195751,limit,L00001429,buy,94.0,98.46,T08,,SYNTH
72.00941486189214,limit,L00001430,sell,258.0,98.53,T11,,SYNTH
72.06545964820374,limit,L00001431,sell,220.0,98.49,T15,,SYNTH
72.11337749430031,market,M00001432,sell,37.0,,TAKER02,,SYNTH
72.150108219965,limit,L00001433,buy,233.0,98.39,T15,,SYNTH
72.19378168019712,limit,L00001434,buy,590.0,98.38,T20,,SYNTH
72.22009962836164,limit,L00001435,buy,23.0,98.39,T12,,SYNTH
72.27912565205139,market,M00001436,buy,34.0,,TAKER05,,SYNTH
72.29994701544207,market,M00001437,sell,68.0,,TAKER10,,SYNTH
72.32545927331984,limit,L00001438,buy,78.0,98.38,T03,,SYNTH
72.34053658901092,market,M00001439,buy,71.0,,TAKER08,,SYNTH
72.34714514342753,cancel,C00001440,,,,T06,L00000294,SYNTH
72.38165823089945,limit,L00001441,buy,194.0,98.38,T10,,SYNTH
72.47250578327433,limit,L00001442,buy,152.0,98.34,T12,,SYNTH
72.49413717101153,limit,L00001443,buy,365.0,98.34,T05,,SYNTH
72.53336644084209,limit,L00001444,sell,125.0,98.49,T23,,SYNTH
72.57281878089157,limit,L00001445,sell,483.0,98.46,T06,,SYNTH
72.58357286609476,limit,L00001446,buy,157.0,98.37,T01,,SYNTH
72.63713341162565,cancel,C00001447,,,,T21,L00000984,SYNTH
72.68848353756424,limit,L00001448,sell,73.0,98.43,T14,,SYNTH
72.85749100331253,limit,L00001449,buy,238.0,98.33,T24,,SYNTH
72.88484345205464,market,M00001450,sell,74.0,,TAKER09,,SYNTH
72.9015888741541,market,M00001451,buy,30.0,,TAKER09,,SYNTH
73.05405125876995,limit,L00001452,sell,39.0,98.48,T14,,SYNTH
73.14281302721676,limit,L00001453,buy,215.0,98.35,T05,,SYNTH
73.16454391065595,limit,L00001454,buy,116.0,98.38,T10,,SYNTH
73.28677170889762,limit,L00001455,buy,289.0,98.38,T05,,SYNTH
73.49787938532961,limit,L00001456,buy,231.0,98.36,T01,,SYNTH
73.50366647406302,limit,L00001457,buy,24.0,98.34,T16,,SYNTH
73.53710293694644,cancel,C00001458,,,,T05,L00001125,SYNTH
73.58252586769309,limit,L00001459,sell,129.0,98.44,T06,,SYNTH
73.6711902417648,limit,L00001460,buy,145.0,98.34,T12,,SYNTH
73.775048685642,market,M00001461,buy,83.0,,TAKER03,,SYNTH
73.80666449312798,market,M00001462,buy,101.0,,TAKER11,,SYNTH
73.84095755944055,market,M00001463,sell,219.0,,TAKER02,,SYNTH
73.85487623061954,limit,L00001464,buy,74.0,98.32,T17,,SYNTH
73.87903234293994,limit,L00001465,buy,111.0,98.34,T03,,SYNTH
73.90354233393089,limit,L00001466,sell,243.0,98.47,T22,,SYNTH
73.9044227335846,limit,L00001467,buy,270.0,98.36,T07,,SYNTH
73.9112840730523,limit,L00001468,sell,25.0,98.43,T18,,SYNTH
74.01597895864727,limit,L00001469,sell,49.0,98.42,T16,,SYNTH
74.0160708989392,limit,L00001470,buy,44.0,98.37,T23,,SYNTH
74.04894316289837,cancel,C00001471,,,,T08,L00001259,SYNTH
74.11248755093824,cancel,C00001472,,,,T19,L00000458,SYNTH
74.12032811835934,market,M00001473,buy,92.0,,TAKER10,,SYNTH
74.16824684710504,limit,L00001474,buy,172.0,98.39,T02,,SYNTH
74.17320291634694,limit,L00001475,sell,73.0,98.42,T10,,SYNTH
74.20672045150512,limit,L00001476,buy,321.0,98.34,T18,,SYNTH
74.21419585661869,market,M00001477,buy,124.0,,TAKER10,,SYNTH
74.22289720216642,market,M00001478,buy,77.0,,TAKER10,,SYNTH
74.2359928958647,market,M00001479,buy,126.0,,TAKER09,,SYNTH
74.24417418326824,cancel,C00001480,,,,T21,L00000110,SYNTH
74.29206481804894,market,M00001481,sell,54.0,,TAKER03,,SYNTH
74.30164154663059,limit,L00001482,buy,37.0,98.38,T14,,SYNTH
74.31985292913781,limit,L00001483,buy,161.0,98.34,T24,,SYNTH
74.34744867969076,limit,L00001484,sell,173.0,98.45,T03,,SYNTH
74.36940555547612,limit,L00001485,buy,364.0,98.35,T13,,SYNTH
74.45030898429549,limit,L00001486,buy,68.0,98.4,T20,,SYNTH
74.52497233646802,limit,L00001487,buy,115.0,98.43,T06,,SYNTH
74.61736178895659,cancel,C00001488,,,,T20,L00000460,SYNTH
74.6858574766512,limit,L00001489,buy,169.0,98.41,T22,,SYNTH
74.70764002012709,limit,L00001490,buy,122.0,98.39,T15,,SYNTH
74.71068237141708,limit,L00001491,buy,52.0,98.36,T08,,SYNTH
74.74357456027757,limit,L00001492,buy,128.0,98.38,T05,,SYNTH
74.79542869758103,limit,L00001493,buy,78.0,98.36,T08,,SYNTH
74.87680161578211,limit,L00001494,buy,169.0,98.39,T19,,SYNTH
75.08860455481077,limit,L00001495,sell,67.0,98.47,T13,,SYNTH
75.09080639154854,limit,L00001496,buy,488.0,98.45,T23,,SYNTH
75.09094318680698,modify,R00001497,,31.0,98.41,T24,L00000245,SYNTH
75.13964271070446,cancel,C00001498,,,,T02,L00000588,SYNTH
75.1456178937702,limit,L00001499,buy,247.0,98.37,T01,,SYNTH
75.18226986041303,limit,L00001500,sell,180.0,98.46,T01,,SYNTH
75.18617057312822,limit,L00001501,buy,19.0,98.43,T01,,SYNTH
75.33213446706802,limit,L00001502,buy,243.0,98.38,T16,,SYNTH
75.38289034176474,market,M00001503,buy,187.0,,TAKER06,,SYNTH
75.42435159329474,limit,L00001504,buy,192.0,98.41,T01,,SYNTH
75.5104110932241,limit,L00001505,sell,73.0,98.52,T24,,SYNTH
75.51448410300493,limit,L00001506,sell,159.0,98.47,T12,,SYNTH
75.53922981224218,limit,L00001507,buy,266.0,98.4,T13,,SYNTH
75.61825825620802,limit,L00001508,sell,240.0,98.52,T16,,SYNTH
75.69670589657123,limit,L00001509,buy,214.0,98.42,T24,,SYNTH
75.71519250616242,cancel,C00001510,,,,T20,L00000688,SYNTH
75.79455267738885,limit,L00001511,buy,104.0,98.46,T20,,SYNTH
75.84065157589029,modify,R00001512,,497.0,98.35,T13,L00000106,SYNTH
75.86719372954633,limit,L00001513,sell,64.0,98.49,T17,,SYNTH
75.96709241187544,market,M00001514,buy,93.0,,TAKER03,,SYNTH
75.98821073557568,market,M00001515,sell,70.0,,TAKER11,,SYNTH
75.98822097582409,limit,L00001516,buy,129.0,98.52,T18,,SYNTH
76.08998105998437,limit,L00001517,sell,81.0,98.67,T09,,SYNTH
76.1114718027397,limit,L00001518,buy,330.0,98.58,T21,,SYNTH
76.11835507249315,market,M00001519,sell,1.0,,TAKER07,,SYNTH
76.12014633097371,limit,L00001520,buy,132.0,98.58,T24,,SYNTH
76.26315425591018,market,M00001521,buy,52.0,,TAKER01,,SYNTH
76.3045175665101,cancel,C00001522,,,,T09,L00000319,SYNTH
76.30795108126247,limit,L00001523,buy,85.0,98.6,T11,,SYNTH
76.32273050599011,cancel,C00001524,,,,T13,L00000995,SYNTH
76.36441067821546,modify,R00001525,,334.0,98.63,T05,L00000534,SYNTH
76.39877592624178,market,M00001526,buy,196.0,,TAKER10,,SYNTH
76.41193237276225,market,M00001527,sell,83.0,,TAKER02,,SYNTH
76.46730580832191,limit,L00001528,buy,222.0,98.57,T12,,SYNTH
76.5719093346018,market,M00001529,buy,112.0,,TAKER01,,SYNTH
76.57219240758411,cancel,C00001530,,,,T07,L00000709,SYNTH
76.57466504365412,limit,L00001531,buy,50.0,98.63,T10,,SYNTH
76.58078296101256,market,M00001532,buy,131.0,,TAKER03,,SYNTH
76.61282032142712,market,M00001533,sell,28.0,,TAKER07,,SYNTH
76.61877221706773,limit,L00001534,buy,156.0,98.65,T24,,SYNTH
76.63333291224414,limit,L00001535,buy,70.0,98.63,T01,,SYNTH
76.73127789264454,limit,L00001536,sell,284.0,98.72,T11,,SYNTH
76.76504200504098,modify,R00001537,,378.0,98.77,T20,L00001167,SYNTH
76.77378502310883,limit,L00001538,sell,28.0,98.7,T12,,SYNTH
76.81103578729808,market,M00001539,buy,174.0,,TAKER01,,SYNTH
76.89492289684631,limit,L00001540,buy,153.0,98.67,T13,,SYNTH
76.99076241559598,limit,L00001541,sell,377.0,98.71,T05,,SYNTH
76.99628868077906,limit,L00001542,sell,203.0,98.74,T08,,SYNTH
77.15755424339683,cancel,C00001543,,,,T04,L00001456,SYNTH
77.16219258152591,limit,L00001544,sell,165.0,98.75,T14,,SYNTH
77.18678503379378,limit,L00001545,sell,596.0,98.75,T06,,SYNTH
77.20107910121106,limit,L00001546,buy,317.0,98.64,T15,,SYNTH
77.2450875130186,limit,L00001547,buy,75.0,98.61,T10,,SYNTH
77.24610921793321,market,M00001548,sell,27.0,,TAKER07,,SYNTH
77.24968359538887,limit,L00001549,sell,81.0,98.72,T01,,SYNTH
77.29947795484244,limit,L00001550,sell,331.0,98.7,T08,,SYNTH
77.32198001956034,limit,L00001551,buy,32.0,98.62,T01,,SYNTH
77.3364715051489,limit,L00001552,buy,70.0,98.63,T12,,SYNTH
77.34751891140453,cancel,C00001553,,,,T06,L00000142,SYNTH
77.5428886785176,limit,L00001554,buy,88.0,98.66,T24,,SYNTH
77.55713216453356,cancel,C00001555,,,,T21,L00000544,SYNTH
77.5650684749786,limit,L00001556,sell,43.0,98.79,T12,,SYNTH
77.6140519544572,market,M00001557,buy,129.0,,TAKER05,,SYNTH
77.64595679643857,modify,R00001558,,220.0,98.62,T09,L00001549,SYNTH
77.72857058086663,market,M00001559,buy,80.0,,TAKER04,,SYNTH
77.72885957426129,market,M00001560,buy,38.0,,TAKER11,,SYNTH
77.73400660706767,limit,L00001561,sell,245.0,98.75,T15,,SYNTH
77.81434997934785,limit,L00001562,sell,313.0,98.72,T11,,SYNTH
77.83750104217863,limit,L00001563,sell,551.0,98.7,T14,,SYNTH
77.85541249687112,limit,L00001564,sell,148.0,98.72,T02,,SYNTH
77.86188077617999,limit,L00001565,sell,116.0,98.7,T04,,SYNTH
77.89381357471966,limit,L00001566,sell,57.0,98.77,T19,,SYNTH
77.92399970820534,limit,L00001567,buy,236.0,98.65,T05,,SYNTH
78.07178093873506,market,M00001568,sell,61.0,,TAKER05,,SYNTH
78.1519367477608,limit,L00001569,sell,123.0,98.68,T13,,SYNTH
78.16494229284098,limit,L00001570,sell,161.0,98.72,T22,,SYNTH
78.1846032820044,limit,L00001571,buy,343.0,98.68,T03,,SYNTH
78.26176263584519,market,M00001572,buy,30.0,,TAKER01,,SYNTH
78.309614896184,limit,L00001573,sell,111.0,98.72,T16,,SYNTH
78.33388617885076,market,M00001574,buy,6.0,,TAKER09,,SYNTH
78.33605892000276,market,M00001575,buy,121.0,,TAKER08,,SYNTH
78.40416003677528,limit,L00001576,sell,646.0,98.75,T16,,SYNTH
78.573690881667,limit,L00001577,sell,117.0,98.76,T13,,SYNTH
78.6218643647893,limit,L00001578,buy,183.0,98.64,T11,,SYNTH
78.66457884494471,limit,L00001579,buy,283.0,98.65,T09,,SYNTH
78.71653549498797,limit,L00001580,buy,95.0,98.7,T10,,SYNTH
78.71746423548099,limit,L00001581,buy,247.0,98.71,T16,,SYNTH
78.75610811562133,limit,L00001582,buy,351.0,98.68,T05,,SYNTH
78.81629076458347,limit,L00001583,buy,57.0,98.69,T08,,SYNTH
78.82451654625383,cancel,C00001584,,,,T13,L00001249,SYNTH
78.93998774375216,limit,L00001585,sell,213.0,98.72,T21,,SYNTH
78.95861572368287,limit,L00001586,buy,47.0,98.62,T11,,SYNTH
79.05596370267091,limit,L00001587,sell,209.0,98.79,T15,,SYNTH
79.06212268173653,limit,L00001588,sell,8.0,98.79,T12,,SYNTH
79.09763610076398,limit,L00001589,buy,97.0,98.71,T21,,SYNTH
79.16395474952343,cancel,C00001590,,,,T09,L00000395,SYNTH
79.18802162657855,limit,L00001591,buy,102.0,98.67,T07,,SYNTH
79.20195503925665,limit,L00001592,sell,124.0,98.79,T24,,SYNTH
79.22330621097531,limit,L00001593,buy,167.0,98.71,T19,,SYNTH
79.22964721804941,limit,L00001594,sell,194.0,98.8,T02,,SYNTH
79.24711217386651,market,M00001595,buy,66.0,,TAKER04,,SYNTH
79.28448093926426,modify,R00001596,,163.0,98.63,T17,L00000972,SYNTH
79.28670928141698,limit,L00001597,sell,139.0,98.77,T12,,SYNTH
79.3622180167253,limit,L00001598,sell,108.0,98.75,T17,,SYNTH
79.49898195076427,market,M00001599,sell,74.0,,TAKER11,,SYNTH
79.63764777056782,limit,L00001600,sell,325.0,98.74,T23,,SYNTH
79.65401465653851,limit,L00001601,sell,83.0,98.74,T20,,SYNTH
79.65863221638936,cancel,C00001602,,,,T24,L00001306,SYNTH
79.79249076959597,cancel,C00001603,,,,T10,L00001290,SYNTH
79.79718141690766,limit,L00001604,sell,485.0,98.71,T14,,SYNTH
79.80970924091234,limit,L00001605,buy,221.0,98.59,T18,,SYNTH
79.81313175337952,limit,L00001606,sell,337.0,98.68,T22,,SYNTH
79.93854993626938,limit,L00001607,buy,78.0,98.63,T20,,SYNTH
79.99842206190237,market,M00001608,sell,7.0,,TAKER02,,SYNTH
80.05652380311854,cancel,C00001609,,,,T19,L00000711,SYNTH
80.08066801392664,market,M00001610,sell,31.0,,TAKER04,,SYNTH
80.11046316792263,market,M00001611,sell,76.0,,TAKER11,,SYNTH
80.13982251824356,market,M00001612,buy,68.0,,TAKER06,,SYNTH
80.16760305341853,market,M00001613,sell,143.0,,TAKER01,,SYNTH
80.17251035778418,limit,L00001614,buy,198.0,98.62,T21,,SYNTH
80.31727043590999,limit,L00001615,buy,103.0,98.69,T14,,SYNTH
80.31752671994654,limit,L00001616,sell,259.0,98.81,T03,,SYNTH
80.40095310382816,limit,L00001617,buy,317.0,98.7,T17,,SYNTH
80.45180614690445,limit,L00001618,sell,121.0,98.77,T17,,SYNTH
80.46181007385503,limit,L00001619,sell,189.0,98.72,T15,,SYNTH
80.50428260289189,limit,L00001620,sell,12.0,98.78,T15,,SYNTH
80.5190117799045,limit,L00001621,sell,270.0,98.8,T21,,SYNTH
80.54420435177974,limit,L00001622,sell,202.0,98.85,T10,,SYNTH
80.62541946863807,market,M00001623,sell,145.0,,TAKER08,,SYNTH
80.65018575976384,limit,L00001624,sell,553.0,98.85,T24,,SYNTH
80.67029115520795,limit,L00001625,buy,43.0,98.85,T20,,SYNTH
80.7269077611496,market,M00001626,sell,18.0,,TAKER04,,SYNTH
80.76151483862581,limit,L00001627,buy,303.0,98.88,T23,,SYNTH
80.8153164619398,market,M00001628,buy,18.0,,TAKER11,,SYNTH
80.88312909186452,limit,L00001629,buy,156.0,98.88,T21,,SYNTH
80.8853376559302,limit,L00001630,sell,37.0,99.01,T18,,SYNTH
80.93044851623938,limit,L00001631,sell,235.0,99.01,T14,,SYNTH
80.9754166519102,market,M00001632,buy,162.0,,TAKER04,,SYNTH
81.00033155952141,limit,L00001633,sell,108.0,99.02,T18,,SYNTH
81.02006929714426,limit,L00001634,sell,175.0,98.94,T10,,SYNTH
81.11391232630386,cancel,C00001635,,,,T23,L00001195,SYNTH
